1726 2912
390 451 1180 526 ISTHMIONICAE.

761 708 797 753 1.

165 814 245 861 22.
302 815 492 876 λὀἱμπει
535 812 585 861 δὲ
634 818 812 880 σαφής.
876 820 1049 881 σαφῶς
1097 817 1505 876 ἐπιρρηματικῶς.

68 892 246 939 Excidit
278 893 500 940 fortasse:
552 896 669 942 ἀντὶ
696 900 794 942 τοῦ
826 896 895 953 (σ.
927 895 1040 950 sm).
1118 889 1328 935 Deinde:
1363 893 1423 937 τὸ
1456 888 1505 936 δὲ

3 980 4 1009 ³
68 972 153 1022 οἷα
191 980 577 1036 θαυμαστικῶς·
633 980 784 1023 ὁποῖα
833 978 922 1041 γὰρ
966 974 1109 1021 ἵεσαν
1151 973 1504 1030 ἀκοντίζοντες

69 1059 137 1103 τὰ
176 1053 379 1122 δόρατα.
459 1055 618 1117 Legit,
656 1056 701 1099 ni
736 1053 901 1109 fallor,
952 1057 1136 1117 αἰχμάς
1215 1053 1264 1095 In
1297 1051 1505 1112 sequenti

66 1151 206 1181 versu
244 1135 448 1190 δίσκους
483 1138 710 1191 λιθίνους
753 1136 951 1197 syntaxis
986 1132 1119 1179 verbi
1155 1133 1261 1193 ἵημι
1297 1129 1507 1193 postulat

64 1218 247 1262 nonnisi
279 1232 391 1262 cum
422 1217 684 1262 accusativo
715 1215 986 1278 compositi,
1034 1213 1089 1258 cf.
1121 1212 1189 1257 Ol.
1218 1215 1277 1269 ll,
1311 1213 1386 1257 99.
1423 1212 1505 1266 IX,

69 1298 146 1342 12.
193 1299 313 1353 Xlll,
344 1299 423 1344 90.
474 1308 516 1343 et
541 1313 798 1359 agnoscere
827 1294 1008 1342 videtur
1036 1293 1230 1356 Trypho
1263 1291 1385 1355 apud
1415 1294 1507 1337 Eu-

66 1376 201 1424 stath.
235 1379 377 1425 1591.
406 1380 496 1424 29:
529 1377 748 1433 λιθίνοις
773 1379 964 1427 ὁπόταν
992 1375 1272 1425 δίσκουσιν.
1342 1372 1506 1418 Scribe

1 1462 3 1465 ’
68 1463 299 1514 λιθίνους
337 1462 479 1508 ὁπότ’
515 1460 581 1507 αὖ
620 1458 822 1514 δίσκους
857 1458 956 1515 ἵεν,
1003 1456 1173 1503 collato
1207 1454 1277 1500 Ol.
1307 1456 1391 1509 Vl,
1425 1455 1503 1499 70.

1 1624 6 1678 f

66 1542 221 1596 Ζηνὸς
252 1543 325 1589 ἐπ’
357 1543 620 1607 ἀκροτάτῳ
649 1541 792 1602 βωμῷ
828 1541 940 1586 τότ’
978 1539 1042 1585 αὖ
1078 1542 1388 1602 χρηστήριον
1423 1540 1505 1582 θέ-

67 1625 196 1668 σθαι
226 1625 468 1670 κέλευσεν.
552 1618 670 1665 Vide
702 1623 860 1674 etiam,
897 1634 1018 1681 quae
1051 1633 1198 1678 nuper
1232 1619 1413 1660 monuit
1448 1613 1507 1658 de

2 1720 7 1758 ς
65 1692 159 1747 hoc
187 1716 271 1747 usu
298 1700 556 1764 particulae
585 1700 752 1746 similia
781 1698 1045 1760 copulantis
1073 1696 1282 1743 Klotzius
1314 1697 1357 1739 in
1382 1694 1505 1739 libro

0 1788 9 1821 ΐ

0 1837 9 1940 Ι

68 1783 165 1838 ,,Μ.
210 1783 398 1827 Devarii
447 1781 567 1826 liber
617 1780 676 1826 de
726 1783 936 1826 Graecae
982 1779 1174 1841 linguae
1220 1774 1464 1842 particulis
1479 1776 1504 1803 ‘⁴

66 1861 170 1909 Vol.
196 1863 250 1907 11.
284 1863 401 1910 Sect.
425 1864 458 1907 I.
493 1879 538 1924 p.
564 1863 673 1907 207.

162 1945 239 1988 41.
293 1948 335 1990 εἰ
372 1942 412 1991 δ’
448 1948 604 2010 ἀρετᾷ
640 1947 938 1991 κατάκειται
973 1949 1145 1989 πᾶσαν
1182 1944 1346 2006 ὀργάν.
1431 1939 1504 1983 Sic

67 2024 250 2086 scripsit
293 2021 610 2082 Aristarchus,
658 2039 764 2068 cum
804 2023 1052 2068 invenisset
1098 2027 1344 2075 APETAI,
1405 2018 1504 2064 aliis

68 2102 261 2150 schema
288 2102 581 2149 Pindaricum
615 2119 717 2150 esse
747 2101 1104 2148 arbitrantibus:
1158 2117 1357 2163 quorum
1390 2114 1504 2144 sen-

67 2185 233 2231 tentiae
259 2184 486 2247 refragari
515 2205 591 2234 νιν
624 2199 688 2231 vs.
716 2186 804 2240 43,
833 2199 1098 2248 pronomen
1127 2199 1151 2227 a
1176 2179 1377 2226 Pindaro
1407 2180 1504 2225 sin-

6 2276 10 2301 2'
69 2264 217 2327 gulari
276 2275 454 2311 tantum
503 2282 702 2312 numero
767 2274 1034 2326 usurpatum
1096 2260 1329 2308 contendit
1391 2259 1502 2306 olim

7 2364 13 2398 '2
68 2343 338 2392 Boeckhius
370 2348 468 2392 Not.
497 2348 617 2402 crit.,
669 2345 753 2392 sed
787 2344 893 2390 vide
924 2342 1227 2407 Apollonium
1263 2362 1312 2389 π.
1350 2345 1502 2389 ἀντω-

8 2412 13 2431 ¹
68 2445 179 2487 νυμ.
205 2427 317 2471 368.
344 2443 383 2473 a.
419 2437 462 2472 et
482 2429 613 2473 Nem.
638 2427 719 2483 lV,
747 2428 789 2472 3.
857 2425 1075 2471 Dativum
1104 2435 1258 2470 tamen
1289 2440 1395 2469 cum
1418 2443 1501 2470 κα-

10 2509 13 2517 *
69 2513 346 2556 τακεῖσθαι
374 2505 527 2569 (quod
548 2505 743 2552 verbum
764 2516 942 2552 vertunt
960 2539 986 2561 „
998 2504 1273 2551 incumbere
1284 2507 1342 2563 “J
1369 2520 1502 2549 com-

10 2574 15 2603 Ξ
69 2588 181 2650 poni
222 2603 391 2657 posse,
439 2586 579 2635 valde
614 2586 792 2636 dubito.
878 2586 1106 2652 Exempla
1153 2596 1276 2635 certe
1325 2584 1501 2631 desunt.
