1726 2912
169 42 226 84 16

163 167 242 212 bet
266 169 531 232 προσάγει,
568 166 832 232 παροξύνει
863 169 942 213 καὶ
972 168 1129 211 αὐτόν
1157 183 1214 225 με
1241 169 1460 214 θέλοντα
1486 173 1598 222 ταῖς

163 250 450 315 καλλιρόοις
472 250 609 314 ῥοαῖς
646 255 898 291 monstrant
929 246 1027 307 ejus
1052 246 1273 290 sententia
1300 253 1476 301 πνοαῖς
1506 245 1598 290 ab-

161 328 352 375 lativum
381 342 503 383 esse,
540 344 633 373 non
660 324 890 383 dativum,
927 327 1200 389 praesertim
1232 327 1269 373 si
1296 331 1502 393 προάγει
1532 325 1603 372 le-

162 424 271 471 gas,
307 406 354 452 id
382 409 502 453 enim
535 407 747 452 voluisse
777 406 1077 451 scholiastam
1114 424 1163 452 ex
1196 410 1412 469 apposito
1448 428 1600 476 παρο-

162 493 291 548 ξύνει
320 499 454 551 patet.
521 489 644 545 Quin
673 504 833 535 omnes
855 487 944 533 hae
971 487 1156 551 glossae
1184 496 1472 556 παρακινεῖ,
1506 508 1601 536 vta«

162 577 476 639 ρακονῶμαι,
531 572 879 636 προτρέπομαι
930 584 1021 613 non
1067 567 1129 613 ad
1177 568 1446 636 προσέρπει
1503 569 1602 614 sive

162 652 454 718 προσέλκει,
492 650 578 697 sed
604 649 664 696 ad
693 669 732 697 v,
760 651 907 710 δόξαν
938 652 1121 706 ἀκόνας
1153 655 1357 718 λιγυρᾶς
1389 649 1606 697 referem·

163 729 251 778 dae
278 742 389 778 sunt.
472 734 598 790 Jam,
646 733 751 795 quia
781 730 1038 800 προσέρπω
1067 753 1122 781 σε
1151 733 1247 777 sine
1271 730 1487 794 exemplo
1515 740 1604 788 est,

163 829 218 858 ac
243 812 390 858 schol.
418 830 530 860 unus
561 824 768 859 veterum
798 812 1065 875 adscripsit:
1102 814 1233 868 ἥτις
1268 812 1469 867 δόκησις
1499 810 1601 859 Se‘·

161 898 268 942 λον
287 915 345 942 τι
381 913 484 957 μοι
529 896 607 941 καὶ
645 895 930 956 βουλομένῳ
966 895 1231 956 προσέρπει
1271 895 1352 939 καὶ
1387 893 1602 956 προσπί·

164 995 277 1024 πτει
320 979 418 1025 ὑπὸ
460 984 569 1028 ταῖς
615 982 710 1022 τῶν
749 978 910 1022 αὐλῶν
950 981 1152 1028 πνοαῖς,
1201 972 1314 1018 alius
1352 976 1467 1022 ἀντὶ
1506 980 1605 1020 τοῦ

162 1057 427 1122 ἐπέρχεταί
454 1075 541 1117 μοι
569 1055 736 1103 ἔννοια
765 1056 847 1102 καὶ
873 1059 1017 1117 λόγος
1050 1054 1166 1110 ἡδὺς
1197 1059 1317 1121 ὑπὲρ
1352 1061 1478 1110 σοῦ,
1526 1057 1606 1099 vi-

164 1134 307 1181 detur
324 1135 575 1198 legendum
601 1138 635 1184 o'e'
657 1140 700 1185 τ’
718 1138 950 1184 ε’ᾓέλοντι
971 1138 1254 1203 προσέρπει.
1324 1137 1400 1181 85.
1423 1135 1606 1183 ἔτικτε.

162 1219 240 1263 86.
265 1217 394 1263 estin
414 1215 519 1262 cod.
539 1220 864 1282 αἰχματαῖσι.
932 1218 996 1262 89
1046 1215 1303 1273 ἀληὲιέσιν.
1371 1218 1448 1261 91.
1483 1223 1607 1260 tenet

165 1302 360 1366 κρατήρ.
427 1300 505 1345 92.
543 1296 681 1345 εἶπον
711 1314 746 1342 c.
768 1297 827 1360 gl.
856 1302 959 1347 εἰπὲ
981 1296 1031 1347 δὲ
1054 1308 1161 1351 τοῖς
1181 1305 1460 1363 χορευταῖς.
1529 1295 1607 1341 95.

166 1379 435 1442 δάματραν
535 1379 612 1422 96.
659 1377 712 1426 δέ
746 1397 846 1439 μιν.
927 1379 1003 1422 97.
1049 1379 1347 1439 γινώσκοντι
1380 1387 1424 1422 et
1454 1382 1606 1443 θραύ-

166 1477 264 1506 σοι.
329 1459 409 1502 99.
434 1462 839 1518 ποτινισόμενον.
913 1459 1017 1501 100.
1043 1455 1425 1520 Ιιᾶὴεῑεύμήλοι.
1497 1459 1605 1503 102.

165 1536 319 1587 τῶνδε
358 1539 520 1586 κείνων
558 1556 627 1585 τε.

829 1619 939 1667 Vll.

266 1701 542 1766 Inscriptio:
591 1697 798 1768 διαγόρα
836 1705 998 1768 πύκτῃ
1032 1701 1179 1769 ῥοδίω
1219 1706 1483 1758 νικήσαντι
1515 1705 1606 1757 τὴν

168 1784 245 1830 02‘
274 1779 581 1842 ὀλυμπιάδα.

264 1864 308 1908 2.
345 1861 488 1907 habet
518 1862 658 1911 ἔνδον
684 1864 925 1924 ἀμπέλου.
993 1862 1035 1908 5.
1060 1867 1291 1924 τιμάσας.
1358 1866 1400 1908 8.
1432 1862 1609 1928 ἀνδρά-

169 1964 239 1993 σι.
321 1942 383 1988 ib.
424 1946 602 2010 φρενὸς
645 1947 953 2003 ἱλάσκομαι,
1004 1954 1052 1989 ut
1083 1955 1209 1990 recte
1246 1945 1504 2009 suspicatus
1543 1954 1610 1990 est

167 2022 430 2070 Boeckhius
457 2025 556 2068 Not.
583 2039 643 2067 cr.
724 2025 796 2068 10.
840 2028 1102 2089 Ὀλυμπίᾳ.
1148 2024 1342 2070 brevem
1369 2025 1609 2071 anacrusin

167 2105 392 2171 permittit
417 2102 622 2165 stropha.
693 2106 766 2149 12.
800 2103 942 2151 habet
968 2121 1077 2150 cum
1103 2108 1219 2166 Aug.
1247 2106 1294 2149 Β.
1320 2114 1362 2150 et
1388 2105 1486 2150 Vat.
1516 2110 1609 2152 ‘Eta-

168 2189 269 2248 μὰ,
315 2184 467 2230 addita
506 2183 566 2247 gl·
606 2188 783 2233 πολλὰ.
865 2183 925 2228 ib.
975 2188 1302 2252 παμφώνοισι
1337 2182 1379 2231 τ’
1414 2185 1611 2232 ἔντεσιν

172 2271 363 2323 αὐλῶν,
407 2283 498 2311 om.
525 2271 587 2315 ε’ν.
656 2265 713 2311 cf.
738 2276 828 2311 not.
856 2265 915 2310 ad
944 2265 1014 2311 Ol.
1046 2268 1110 2323 11,
1144 2267 1186 2310 5.
1271 2267 1343 2309 13.
1388 2271 1473 2311 καὶ
1505 2272 1609 2313 νῦν.

172 2349 246 2392 14.
282 2350 467 2408 ὑμνέων
496 2347 675 2417 ῥόδον,
712 2363 806 2391 uno
823 2356 982 2391 tenore
997 2347 1233 2408 scriptum.
1307 2348 1379 2390 17.
1417 2343 1608 2394 ἁδόντα

172 2444 209 2473 c·
239 2427 298 2490 gl·
333 2434 564 2494 ἀρεστόν.
636 2430 706 2474 18.
745 2433 1055 2495 εὐρυχόροιο.
1123 2429 1195 2473 19.
1231 2432 1401 2491 ἀργείω
1423 2432 1518 2475 σὺν
1539 2429 1609 2473 αἱ-

174 2516 296 2571 χμοῖ.
365 2507 521 2556 Schol.
541 2519 627 2555 vet.
649 2508 845 2572 explicat
874 2516 968 2558 σὺν
998 2513 1178 2566 πλήθει
1209 2511 1426 2577 Ἀργείων
1450 2508 1609 2556 ναίον-

174 2607 280 2642 τας.
349 2591 561 2636 Fortasse
585 2589 665 2635 fuit
690 2593 906 2656 Ἀργείων
935 2594 1030 2638 σὺν
1052 2595 1233 2653 αἰχμᾷ,
