1726 2912
184 57 245 101 7⁴4

178 189 442 240 ἡλικιῶται
465 188 773 244 ὑμνήσουσι,
812 186 903 230 τὸν
931 181 980 228 δὲ
1006 184 1289 228 Καλλικλεα
1318 187 1342 227 ό
1365 185 1614 245 Εὐφάνης.

178 263 475 310 Praeclarum
502 262 595 309 hoc
620 273 713 319 est,
749 261 884 325 quod
909 261 1081 306 dicitur
1103 259 1352 323 Euphanes
1377 259 1618 306 Calliclem

178 345 314 391 etiam
360 343 486 409 apud
530 344 703 390 inferos
742 360 932 399 canere,
984 344 1145 404 itaque
1181 341 1357 387 nollem
1397 342 1618 404 scriptum

178 428 387 475 ἀείσατο
419 434 510 473 παῖ
542 443 566 470 a
593 426 686 470 VV.
710 425 813 470 DD.
845 423 916 468 vel
951 427 1085 470 ἄεισε
1119 427 1292 470 πάλαι.
1374 424 1619 468 Timasar-

177 505 290 552 chus
311 507 432 552 bene
455 506 655 561 sciebat,
692 504 803 551 olim
828 502 1149 566 praedicatum
1178 514 1220 548 et
1242 514 1454 549 ornatum
1480 504 1621 550 fuisse

177 597 406 632 matruum
437 585 497 632 ab
528 585 780 648 Euphane,
817 584 901 632 sed
934 584 1250 648 postulaverat
1283 602 1308 629 a
1340 584 1539 631 Pindaro
1576 595 1620 630 ut

177 666 336 713 laudes
364 667 483 713 illius
514 678 788 714 renovaret:
836 669 900 713 sic
931 666 1055 711 haud
1085 677 1268 728 poterat
1303 664 1524 711 Pindarus
1557 666 1620 711 uti

176 759 269 794 tam
298 750 420 794 inani
447 751 751 795 excusatione.
819 748 1022 811 Egregie
1052 764 1163 793 vero
1193 746 1457 808 defungitur
1486 763 1619 791 man-

178 828 314 886 dato,
349 828 533 886 dicens,
567 830 697 875 illurn
732 833 871 877 etiam
902 828 1029 895 apud
1055 829 1230 875 inferos
1262 827 1442 873 habere
1471 844 1619 889 prae-

176 926 345 956 conem
382 926 493 956 suae
530 910 703 969 laudis,
752 922 889 974 atque
929 913 1103 973 optime
1140 911 1240 955 cani
1277 908 1519 972 aequalem
1557 907 1619 954 ab

176 991 398 1054 aequale,
443 1002 490 1036 ut
522 1009 639 1036 nunc
674 1009 696 1037 a
729 1009 779 1037 se
813 991 1066 1037 Melesiam.
1137 989 1440 1035 Retinendum
1478 991 1621 1051 igitur

176 1075 430 1128 ἀείσεται,
467 1072 646 1134 reliqua
675 1071 818 1117 (lubia
849 1082 960 1116 sunt,
1029 1074 1085 1115 Et
1117 1077 1141 1119 ὁ
1171 1075 1259 1125 σὸς
1283 1070 1482 1116 fortasse
1511 1086 1620 1115 cor-

177 1164 362 1215 ruptum
396 1170 451 1198 ex
481 1158 633 1214 όμῶς,
673 1151 800 1215 quod
832 1154 876 1197 in
908 1153 1095 1215 antiqua
1128 1154 1349 1214 scriptura
1385 1149 1622 1213 persimile

176 1232 283 1290 fuit,
335 1233 390 1278 cf.
419 1237 566 1278 Franz
595 1233 833 1281 Elementa
863 1233 1194 1299 epigraphices
1224 1236 1434 1279 Graecae
1467 1249 1509 1295 p.
1540 1233 1618 1280 44.

178 1325 222 1361 et
251 1314 356 1361 vide
378 1317 631 1362 sententiae
654 1331 789 1361 causa
822 1314 938 1360 haec
971 1314 1213 1378 exempla:
1248 1315 1286 1358 J.
1313 1316 1388 1369 ΙΙΙ,
1420 1314 1463 1357 6.
1495 1317 1619 1361 πλα-

178 1397 310 1458 γίαις
339 1395 389 1445 δὲ
422 1401 694 1466 φρένεσσιν
725 1397 919 1457 (ὄλβος)
953 1403 1049 1461 οὐχ
1082 1400 1208 1455 ὁμῶς
1237 1399 1405 1442 πάντα
1434 1395 1618 1458 χρόνον

1679 18 1684 25 Ι
1710 0 1715 116 υ

1710 118 1715 186 l

1712 195 1715 239 ff

177 1482 379 1525 Ξάλλων
411 1482 600 1538 ὁμιλεῖ,
638 1487 681 1522 et
717 1476 784 1521 Ol.
818 1478 930 1531 Vlll,
962 1477 1039 1520 56.
1075 1480 1157 1522 καὶ
1182 1481 1350 1539 Νεμέᾳ
1378 1479 1466 1539 γὰρ
1493 1478 1619 1534 ὁμῶς
1682 1507 1715 1533 ,2

177 1563 289 1624 ἐρέω
323 1563 522 1606 ταύταν
560 1563 723 1626 χάριν.
823 1556 1147 1603 Desideratam
1182 1556 1412 1617 syllabas-n
1451 1554 1621 1600 efficies

176 1637 454 1694 scribendO,
493 1644 690 1693 ἀείσετ’,
730 1641 831 1685 ἐπεὶ
869 1642 1118 1685 ἀλλοισιν.
1192 1638 1480 1697 Comparare
1517 1635 1620 1680 huic

177 1720 362 1766 invento
398 1718 537 1764 valde
570 1719 757 1780 poetico
788 1719 884 1780 jam
923 1716 1056 1762 liceat
1089 1718 1255 1762 exitum
1289 1716 1359 1763 Ol.
1393 1719 1505 1773 81‘111,
1542 1719 1618 1763 73.

177 1804 524 1866 κατακρύπτει.
562 1799 603 1847 δ’
637 1806 694 1847 οὐ
734 1806 867 1853 κόνις
905 1804 1152 1861 συγγόνων
1189 1802 1410 1862 τερπνὰν
1448 1805 1617 1863 χάριν.

177 1885 333 1948 Ἑρμᾶ
356 1881 406 1929 δὲ
432 1885 685 1947 Ξυγατρὸς
716 1886 963 1934 ἀκούσαις
992 1883 1154 1948 Ἰφίων
1180 1884 1426 1942 Ἀγγελίας
1454 1884 1619 1927 ἐνέποι

178 1982 256 2010 κεν
290 1966 592 2026 Καλλιμάχῳ
625 1965 841 2027 λιπαρὸν
878 1965 1068 2021 κόσμον
1098 1965 1374 2026 Ὀλυμπίᾳ,
1424 1962 1481 2009 τ’)’ν
1517 1974 1616 2021 σφι

177 2048 297 2098 Ζεὺς
321 2048 442 2104 γένει
469 2042 680 2091 ὤπασεν.
750 2044 833 2086 Hic
865 2059 1058 2104 quoque
1089 2053 1286 2104 uterque
1317 2044 1508 2088 Orcinus
1538 2052 1615 2088 est.

180 2124 316 2170 Verte
347 2122 531 2169 locum:
585 2121 705 2168 hunc
743 2122 998 2187 Euphanes
1035 2123 1200 2170 lubens
1234 2135 1360 2169 vetus
1391 2122 1471 2167 ille
1503 2137 1617 2167 avus

180 2205 355 2267 pariter
394 2209 550 2266 (atque
589 2203 724 2262 olim)
765 2214 918 2261 canet,
966 2221 1072 2249 nam
1115 2205 1215 2250 aliis
1258 2204 1331 2249 alii
1374 2202 1618 2265 aequales,

182 2302 302 2348 quae
332 2296 486 2332 autem
516 2290 619 2350 ipse
644 2287 744 2347 quis
771 2284 963 2345 viderit,
1002 2296 1157 2348 sperat
1186 2287 1363 2349 optime
1390 2301 1412 2330 a
1440 2300 1489 2330 se
1518 2284 1618 2330 lau-

180 2364 336 2412 datum
371 2368 438 2413 iri.
522 2369 636 2413 Hinc
667 2367 918 2429 intelliges,
969 2371 1043 2423 τίς
1078 2367 1136 2412 ad
1174 2367 1420 2425 Pindarum
1457 2365 1619 2411 referri

182 2445 384 2504 debere,
441 2447 686 2510 aequalem
729 2448 960 2495 Melesiae.
1067 2448 1309 2495 vocabula
1356 2452 1617 2514 στρέφειν,

181 2532 400 2585 πλέκειν,
438 2529 623 2585 ἕλκειν,
661 2526 865 2595 ἔφεδρος
899 2546 920 2574 a
957 2528 1072 2575 lucta
1105 2530 1241 2591 petita
1270 2538 1394 2573 sunt:
1430 2529 1483 2574 iis
1512 2537 1617 2572 ute-

179 2617 277 2662 tur,
326 2614 400 2668 qui
430 2608 567 2671 hujus
594 2610 761 2670 aliptae
792 2611 1012 2655 virtutem
1043 2609 1181 2671 digne
1209 2608 1478 2654 describere
1505 2622 1618 2653 sus-
