1726 2912
437 479 1262 552 OLYMPIONICAE.

825 735 861 781 1.

222 843 485 905 Inscriptio:
525 847 680 909 ἱέρωνι
716 844 1064 905 συρρακουσίω
1089 846 1271 897 κέλητι.

230 925 272 969 5.
307 927 496 972 ἀελίου.
563 926 608 971 6.
646 931 695 972 ἐν
713 929 865 990 ἡμέρα
882 924 1107 993 φαεινόν.
1173 924 1219 969 8.
1257 922 1376 970 ὅθεν
1402 948 1460 955 -
1487 940 1569 982 μη«

134 1006 305 1054 τίεσσι
345 1022 383 1051 e.
414 1004 475 1068 gl.
518 1010 607 1072 ἀφ’
633 1006 695 1053 οὗ
718 1010 899 1069 ἀγῶνος
935 1010 959 1053 ὁ
990 1012 1041 1054 ἐκ
1069 1008 1265 1053 πολλῶν
1301 1003 1570 1072 φημιξόμε-

132 1105 214 1140 νος
238 1087 392 1147 ὕμνος
421 1090 648 1148 λέγεται,
687 1090 922 1142 πλέκεται
949 1092 1045 1133 τῶν
1070 1089 1243 1152 σοφῶν
1274 1087 1570 1150 φρονήσεσι.

130 1167 273 1211 Recte
301 1164 446 1211 schol.
477 1182 672 1228 quoque
706 1163 766 1209 ad
801 1167 1214 1232 ἀμφιβάλλεταιε
1250 1168 1276 1219 ἡ
1303 1163 1573 1232 μεταφορὰ

137 1249 238 1294 ἀπὸ
271 1253 370 1293 τῶν
403 1252 682 1313 στεφάνων.
768 1246 825 1293 cf.
855 1248 900 1291 P.
928 1246 982 1302 V,
1017 1247 1094 1292 28.
1134 1251 1272 1313 γέρας
1306 1246 1570 1314 ἀμφέβαλε

133 1332 328 1372 τεαῖσιν
365 1330 558 1386 κόμαις.
642 1327 898 1388 Epinicium
945 1327 1082 1387 igitur
1132 1337 1349 1386 tanquam
1396 1339 1573 1370 corona

133 1407 388 1469 imponitur
416 1409 642 1468 (victori)
681 1424 705 1454 a
738 1408 909 1470 poetis,
945 1411 1151 1475 (σοφῶν
1179 1405 1453 1466 μητίεσσι)
1495 1403 1574 1466 qui

136 1497 357 1533 venerunt
393 1488 639 1551 (praefero
668 1505 770 1534 cum
796 1490 1063 1534 Hermanno
1097 1485 1372 1547 ἱκομένοις)
1408 1484 1452 1528 in
1482 1499 1573 1528 au-

138 1565 232 1612 lam
252 1566 444 1615 divitem
464 1571 676 1616 Hieronis
692 1604 703 1625 ‚
739 1580 788 1615 ut
807 1571 997 1625 Jovem,
1027 1568 1104 1612 cui
1123 1567 1310 1612 victoria
1328 1564 1573 1626 Olympica

137 1646 360 1706 debetur,
394 1661 571 1696 canant.
649 1653 722 1697 10.
771 1656 1026 1713 ἱκομένους
1058 1648 1280 1694 omissum
1314 1645 1356 1690 in
1385 1632 1573 1701 ordine,

136 1732 500 1794 suprascriptum
536 1733 721 1777 minutis
754 1730 942 1787 litteris,
976 1741 1212 1792 tamquam
1244 1725 1414 1790 glossa.
1497 1725 1572 1770 15.

135 1816 394 1871 μουσικῆς.

234 1893 310 1936 23.
347 1893 661 1957 συρακοσίων
690 1894 1045 1955 ἱππιοχάρμᾶν
1069 1892 1310 1955 βασιλέα,
1346 1895 1388 1932 et
1411 1890 1574 1934 ἱππιο-

139 1978 343 2036 χαρμᾱν
376 1988 401 2016 a
439 1988 577 2016 manu
620 1988 712 2016 non
748 1970 942 2016 multum
982 1970 1260 2024 recentiore,
1317 1976 1573 2012 atramento

137 2049 385 2112 pallidiore
403 2062 634 2098 mutatum
656 2054 702 2097 in
725 2058 1058 2114 ἱπποχαρμᾶν
1073 2087 1085 2107 ,
1123 2047 1291 2112 duplex
1314 2058 1470 2093 autem
1493 2062 1575 2092 ac-

138 2141 298 2177 centus
336 2134 550 2195 antiquae
586 2135 741 2179 manui
781 2131 1059 2178 tribuendus.
1147 2133 1330 2192 Operae
1371 2128 1574 2190 pretium

137 2210 292 2258 facere
317 2211 432 2258 mihi
466 2213 632 2260 videor
660 2212 969 2260 describenda
998 2210 1274 2257 scholiastae
1307 2218 1448 2254 nota:
1495 2211 1574 2255 ἱπ-

139 2297 414 2359 ποχάρμαν
445 2292 494 2341 δὲ
527 2298 618 2342 τὸν
644 2300 704 2357 τῇ
737 2298 915 2360 ἱππικῇ
946 2293 1196 2358 χαίροντά
1228 2304 1370 2359 φησι.
1420 2292 1575 2343 καλῶς

141 2370 193 2421 δὲ
216 2378 277 2423 τὸ
301 2379 536 2424 ἐπίθετον
559 2385 628 2440 τῷ
654 2378 856 2434 βασιλεῖ
884 2373 968 2421 διὰ
995 2376 1055 2421 τὸ
1083 2376 1450 2439 ἱπποτροφεῖν,
1488 2369 1571 2417 ἵνα

140 2451 294 2520 δείξῃ,
339 2455 422 2503 ὅτι
462 2463 517 2503 οὐ
552 2462 706 2519 τύχης
743 2465 936 2519 γέγονεν
974 2455 1115 2521 ἔργον
1148 2456 1208 2501 τὸ
1247 2460 1312 2514 τῷ
1343 2451 1572 2516 Φερενίκῳ

141 2540 466 2600 χρήσασθαι,
504 2540 615 2585 ἀλλ’
638 2544 912 2598 ἐπιστήμης
934 2537 1019 2584 καὶ
1044 2542 1130 2590 τῆς
1154 2535 1260 2598 περὶ
1284 2536 1346 2581 τὸ
1370 2537 1572 2596 πρᾶγμα

141 2611 434 2675 ἐπιμελείας.
514 2620 637 2664 ἔνιοι
676 2617 726 2664 δὲ
767 2619 1169 2678 ἀναγινώσκουσι
1211 2613 1574 2678 παροξύνοντες

1162 2691 1183 2733 1
