1726 2912
1451 45 1512 89 61

89 170 259 216 diversi
288 183 416 229 sunt,
466 172 553 219 Od.
590 193 639 221 π.
680 174 788 219 423.
829 184 870 218 et
907 195 957 239 χ.
999 175 1107 220 412.
1189 174 1250 219 ib.
1300 177 1518 221 κλειτὰν.

87 254 162 297 39.
200 258 391 322 χλαρὸν
428 256 525 316 jam
554 272 577 299 a
605 253 842 301 Schmidio
873 266 1116 301 enotatum.
1192 254 1255 301 ib.
1296 259 1519 318 γελάσας.

88 334 162 378 41.
208 342 367 382 τοῦτο
402 334 454 382 δ’
479 339 772 400 ἀνθρώποις.
844 338 1040 381 Fuitne:
1089 340 1172 383 καὶ
1211 335 1262 383 ἕν
1293 355 1346 382 τε
1386 341 1520 391 ιὲεοῒς

88 416 245 462 τοῦτό
282 425 320 476 γ’
355 419 632 482 ἀνθρώποις
667 423 715 465 θ’
749 423 876 479 ὁμῶς
910 415 1039 465 αῐδ.ἳ
1133 419 1209 463 42.
1264 415 1520 484 ἀμφαδὸν.

90 496 165 539 43.
193 512 285 540 om.
312 500 416 563 γὰρ.
484 499 559 542 45.
596 497 629 546 03
656 498 794 555 ἀναξ.
863 500 939 543 47.
978 499 1076 545 ὅσα
1095 517 1149 545 τε
1174 503 1376 559 κύμασι.
1443 498 1522 544 50.

93 596 214 635 χωτι
241 580 410 638 μέλλει
436 580 562 642 χῶτι
589 584 755 628 ποθεν.
823 580 902 625 52.
940 583 980 626 εἰ
1008 578 1057 627 δὲ
1083 583 1175 644 χρὴ
1202 580 1314 634 καὶ,
1340 587 1390 623 ut
1411 575 1523 639 ple-

90 657 222 718 rique
246 656 368 702 libri.
437 659 512 702 62.
549 660 631 704 καὶ
658 666 732 720 γᾶ.
800 660 878 704 64.
915 665 1210 720 ἓησάμενοι.

187 737 262 782 65.
298 737 504 801 χείλεσι.
582 739 659 782 66.
697 742 976 786 ἁπόλλωνα.
1058 738 1123 785 ib.
1170 737 1446 804 ἀνδράσιν,
1480 748 1525 783 et

87 817 234 879 jungit
271 817 526 880 ἄγχιστον
568 822 780 868 ὀπάονα.
874 820 952 865 69.
1005 826 1169 867 ὠκεῖαι
1210 844 1274 851 -··
1312 819 1523 885 πράξεις.

91 900 167 944 70.
213 896 428 946 διέτασε.
511 899 586 943 73.
624 902 705 947 καὶ
735 907 823 947 νῦν
860 909 904 944 et
935 896 1200 963 καρνιάδα.
1269 899 1346 944 75.
1391 903 1525 955 νική-

91 997 196 1033 σας.
264 978 343 1024 83.
380 984 664 1044 εὐρυσὲέος.
732 980 810 1025 85.
847 980 971 1026 ἔνθοὶ
1004 983 1052 1026 οἱ
1087 979 1213 1037 (sic).
1279 980 1356 1024 90.
1391 999 1524 1048 περι-

93 1063 280 1123 βάλλει.
346 1061 407 1104 91
459 1065 521 1122 μὴ
550 1059 600 1108 δὲ
629 1060 828 1124 διρκέων
855 1071 897 1106 ct
925 1064 1014 1107 ἀεί.

190 1142 268 1186 94.
316 1145 463 1190 πόλιν
495 1139 637 1188 τάνδ’
666 1168 729 1174 -—
763 1142 945 1208 φυγών.
1015 1141 1258 1197 Quaenam
1290 1140 1376 1186 fuit
1410 1139 1528 1187 haec

96 1217 246 1264 urbs?
299 1220 512 1279 Cyrena?
564 1223 621 1264 At
643 1218 763 1264 hanc
786 1219 950 1265 clarius
978 1229 1020 1265 et
1048 1218 1259 1265 disertius
1281 1220 1530 1283 significari

94 1299 376 1363 oportebat,
425 1301 696 1361 praesertim
737 1316 845 1344 cum
888 1299 1036 1363 paulo
1077 1311 1206 1346 antea
1252 1299 1529 1347 Thebarum

94 1380 322 1441 injecisset
340 1382 630 1424 memoriam.
696 1378 1008 1424 AnThebae?
1069 1382 1172 1425 Non
1190 1382 1380 1442 ignom,
1411 1397 1532 1444 quae

95 1461 189 1508 Viri
217 1459 459 1505 clarissimi
489 1460 737 1505 commenti
767 1461 852 1504 sint
881 1458 940 1503 de
968 1461 1245 1522 cognatione
1269 1461 1534 1508 Telesicra-

96 1542 150 1587 tis
173 1557 283 1586 cum
305 1540 495 1604 Aegidis
522 1539 782 1597 Thebanis,
819 1538 903 1586 sed
931 1539 1148 1586 desidero
1175 1540 1374 1587 iudicem
1397 1540 1533 1604 hujus

99 1620 304 1678 consilii,
340 1619 469 1684 quod
500 1636 617 1665 nunc
653 1637 706 1665 ex
734 1618 835 1665 sola
866 1620 1074 1666 Herculis
1104 1631 1148 1666 et
1176 1620 1289 1666 lolai
1316 1620 1534 1686 Iphiclis-

100 1719 190 1766 que
214 1703 663 1749 commemoratione
689 1702 875 1747 minime
904 1701 1076 1766 patefit.
1146 1699 1335 1746 Videtur
1356 1718 1409 1747 ea
1436 1718 1535 1764 po·-

100 1785 187 1829 tius
217 1794 425 1846 spectare
454 1781 515 1843 ad
550 1792 654 1826 vota
691 1798 780 1845 pro
813 1781 1056 1845 Olympica
1089 1782 1277 1827 victoria
1314 1781 1535 1829 obtinen-

101 1863 160 1908 da
193 1863 254 1908 ab
282 1862 481 1908 Hercule
511 1862 703 1906 illorum
737 1860 964 1907 ludorum
995 1872 1193 1907 auctore.
1270 1865 1534 1920 Praeterea,

103 1945 140 1989 si
160 1942 338 1988 Thebis
360 1942 591 1987 celebrata
611 1942 766 1988 fuisset
786 1940 902 1987 haec
925 1944 1145 2002 Cyrenaei
1166 1941 1366 1988 hominis
1387 1945 1536 1990 victo—

105 2026 194 2079 ria,
238 2022 530 2085 hocipsum,
579 2033 621 2067 ut
662 2022 923 2085 singulare,
972 2038 1063 2066 non
1100 2021 1332 2085 ambiguis
1381 2023 1536 2069 verbis

105 2105 350 2167 eloquutus
390 2115 522 2150 esset.
602 2105 700 2148 Jam
749 2104 785 2148 si
829 2113 1097 2164 reputamus
1139 2101 1293 2147 futuro
1339 2103 1537 2160 δέξεται

110 2202 168 2232 vs.
197 2187 275 2232 75.
311 2195 468 2248 aperte
499 2184 691 2230 indicari
727 2183 1056 2228 Telesicratem
1096 2181 1304 2229 nondum
1345 2181 1538 2229 rediiSse

107 2270 152 2312 in
189 2267 405 2328 patriam,
463 2264 640 2310 Thebis
676 2275 826 2310 autem
864 2275 1096 2309 cantatum
1133 2265 1374 2326 epinicium
1409 2262 1539 2309 nullo

108 2356 377 2410 argumento
410 2350 561 2392 evinci
595 2361 761 2408 posse,
799 2343 998 2406 denique
1034 2351 1249 2401 ἀστοὺς,
1284 2344 1344 2389 de
1371 2343 1539 2406 quibus

110 2443 175 2473 VS.
202 2428 280 2472 96.
319 2426 550 2489 loquitur,
596 2426 776 2471 nonnisi
823 2424 1073 2486 populares
1114 2424 1405 2470 Telesicratis
1451 2423 1541 2470 dici

108 2508 274 2566 licere,
305 2506 362 2551 ad
387 2523 583 2569 quorum
607 2505 805 2568 gloriam
832 2507 963 2551 unice
987 2505 1247 2570 pertinebat
1270 2506 1368 2568 ejus
1392 2509 1542 2551 victo-

110 2589 201 2643 ria,
247 2587 537 2634 manifestum
568 2589 673 2643 erit,
722 2586 873 2636 τάνδε
908 2590 1053 2636 πόλιν
1094 2585 1223 2633 solos
1260 2586 1540 2648 Cyrenaicos
