1726 2912
179 48 243 89 80

180 177 263 222 καὶ
291 176 513 237 βίβλινος
541 177 702 224 οἰνος,
742 180 783 212 ct
807 170 848 212 in
875 167 1068 212 aliarum
1095 170 1448 213 consonantium
1474 186 1615 215 com-

177 253 436 319 positione,
472 260 519 296 ut
549 265 688 311 supra
718 249 796 295 35.
829 252 1196 309 Νεοπτόλεμος.
1265 245 1407 309 Quod
1439 265 1530 312 pro
1558 266 1615 294 eo

178 334 436 398 repositum
466 333 508 376 in
537 329 608 376 ed.
633 329 929 375 Boeckhiana
967 333 1215 385 κοτεινὸν,
1252 328 1418 375 idonea
1449 339 1617 374 aucto-

177 416 305 459 ritate
336 423 482 468 caret,
519 422 562 457 et
592 429 617 457 a
644 412 863 456 sententia
891 420 1059 472 poetae
1091 408 1336 465 abhorret,
1369 411 1445 472 qui
1475 411 1619 455 mini—

177 512 253 540 me
279 493 410 550 dicit,
454 491 582 555 quod
610 490 893 536 scholiastae
919 501 1100 552 putant,
1152 489 1379 552 hospitem
1410 490 1618 537 alienum

179 591 279 623 esse
304 574 364 620 ab
388 591 440 619 ea
464 572 661 629 invidia,
698 589 823 634 quae
844 572 898 616 sit
922 572 1040 617 inter
1067 573 1218 628 cives;
1254 572 1404 633 potius
1428 586 1479 616 se
1501 585 1618 633 pur·-

179 667 258 719 gat
296 673 323 702 a
359 655 549 700 crimine
586 653 699 698 laesi
732 656 863 698 tacita
903 651 1266 714 reprehensione
1302 650 1616 716 Neoptolemi.

178 739 244 782 Ex
270 735 484 798 longiore
511 744 617 779 nota
644 732 920 779 scholiastae
957 732 1047 778 hoc
1074 749 1351 796 excerpam:
1388 736 1448 780 τὸ
1478 736 1618 787 κλέος

177 822 238 866 τὸ
274 822 458 874 ἀληθὲς
494 818 656 883 ὥσπερ
687 814 873 869 ὓδατος
909 818 1027 879 ῥοὰς
1063 820 1129 869 εἰς
1166 819 1256 863 τὸν
1289 819 1444 883 φίλον
1487 814 1616 877 οἴγων

180 898 340 964 ἄνδρα
386 902 590 953 αἰνέσω,
639 902 696 949 ὡς
738 896 860 962 ὕδωρ
899 900 1144 958 ὀχετηγός.
1203 900 1263 950 ὡς
1307 900 1395 961 γὰρ
1436 901 1617 948 ἐκεῖνος

180 983 395 1048 ἁμφυτὰ
425 980 551 1041 οἴγων
581 981 641 1024 τὸ
676 976 797 1043 ὕδωρ
825 980 905 1023 ἐπὶ
931 981 997 1023 τὰ
1024 975 1224 1040 δένδρεα
1252 981 1422 1042 τρέφει
1453 980 1616 1032 αὐτὰ,

179 1063 310 1108 οὕτω
347 1064 473 1121 κάγὼ
505 1065 602 1106 κτέ.
683 1056 844 1102 scribe
888 1058 960 1118 οἲμ
1004 1062 1173 1124 φυτὰ,
1224 1074 1278 1101 ex
1310 1059 1446 1101 Hom.
1480 1055 1530 1103 ll.
1561 1073 1615 1123 φ.

178 1143 299 1196 Ζῦῖ,
339 1156 478 1202 quem
510 1138 667 1184 locum
695 1136 916 1182 Pindarus
949 1147 1108 1199 aperte
1138 1137 1330 1197 respicit.
1401 1138 1619 1182 Ceterum

179 1239 271 1268 non
299 1221 525 1267 assentior
552 1221 630 1276 iis,
681 1220 765 1281 qui
793 1217 1068 1262 Thearionis
1094 1216 1319 1263 familiam
1351 1218 1518 1263 civium
1541 1217 1621 1263 in—

182 1302 300 1349 vidia
335 1301 576 1348 laborasse
606 1302 891 1363 suspicantur

278 1387 355 1430 70.
391 1386 499 1428 Post
527 1381 848 1427 defensionem
877 1379 995 1424 illins
1024 1380 1214 1443 paeanis
1248 1378 1307 1424 ad
1335 1381 1486 1445 ipsum
1512 1381 1620 1426 vic·-

181 1480 334 1514 torem
364 1466 667 1519 convertitur,
716 1461 905 1523 eg1egie
934 1470 1062 1504 utens
1091 1461 1239 1522 gentis
1265 1462 1451 1507 nomine
1475 1465 1618 1519 Εὐξε-

181 1547 309 1597 νίδα.
400 1547 542 1600 Dicit,
597 1560 646 1590 se
685 1541 975 1588 celebrando
1011 1540 1202 1587 Achillis
1237 1541 1332 1588 filio
1371 1560 1462 1589 non
1498 1544 1621 1588 inci-

183 1628 306 1674 disse
345 1630 387 1672 in
423 1642 495 1672 res
536 1643 561 1671 a
598 1625 791 1671 consilio
828 1641 910 1670 suo
952 1635 1175 1681 remotas,
1223 1623 1365 1687 idque
1407 1625 1620 1690 exprimit

182 1711 384 1771 imagine
415 1726 440 1753 a
473 1706 708 1771 pentathlo
738 1708 904 1769 petita:
956 1710 1196 1767 ἀπομνύω
1227 1710 1291 1768 μὴ
1319 1711 1476 1772 τέρμα
1508 1725 1620 1770 προ-

183 1795 273 1857 βὰς
303 1793 479 1838 ‹i'novs‘
505 1788 595 1837 ὧτε
625 1791 989 1853 χαλκοπάραον
1020 1787 1170 1854 ὄρσαι
1200 1789 1329 1834 θοὰν
1359 1791 1619 1849 γλῶσσαν,

183 1872 236 1926 ὃς
266 1873 528 1932 ἐξέπεμψεν
560 1873 929 1931 παλαισμάτων
960 1874 1149 1935 αὐχένα
1188 1870 1269 1915 καὶ
1303 1873 1483 1921 σὲένος
1514 1865 1622 1915 ἁδί·

184 1972 364 2007 αντον,
400 1953 579 2000 αἴθωνι
610 1954 721 2017 πρὶν
754 1953 874 2012 ἁλίῳ
909 1958 1047 2013 γυῖον
1078 1954 1308 2010 ἐμπεσεῖν
1408 1946 1531 2005 Quid
1563 1947 1622 1995 de

183 2031 399 2080 hocloco
415 2034 628 2090 sentiam,
654 2032 846 2097 exposui
866 2033 1130 2094 nuperrime
1152 2029 1209 2076 ad
1226 2029 1436 2076 Philostr.
1452 2032 1618 2092 Gymn.

185 2132 230 2180 p.
259 2115 367 2160 187.
455 2113 634 2160 Ibidem
667 2112 947 2176 significavi,
986 2129 1145 2157 verum
1175 2129 1267 2159 non
1299 2127 1400 2157 esse
1429 2108 1619 2155 haben-

185 2194 297 2240 dum
325 2194 479 2258 (quod
505 2193 750 2240 scholiasta
777 2192 884 2239 dicit
903 2194 1229 2238 nonneminem
1245 2192 1619 2253 existimavissc),

187 2278 418 2339 Sogenem
447 2275 628 2339 longius
660 2275 870 2338 projecto
899 2273 1059 2336 jaculo
1094 2274 1406 2336 antagonistas
1444 2290 1467 2318 a
1497 2272 1621 2318 lucta

184 2356 382 2404 ineunda
421 2357 712 2403 deterruisse.
794 2357 993 2400 Primum
1022 2358 1142 2400 enim
1174 2371 1228 2399 ex
1261 2352 1447 2399 historia
1479 2352 1621 2400 Tisa··

188 2439 332 2484 menis
364 2436 560 2498 (Herod.
584 2440 668 2494 IX,
700 2440 776 2483 33.
809 2439 935 2482 Paus.
964 2438 1048 2494 ΙΙΙ,
1081 2439 1163 2493 ll,
1190 2437 1254 2495 6.)
1292 2445 1416 2500 patet
1434 2420 1624 2481 universs

186 2534 288 2564 sum
338 2520 615 2582 quinquertii
659 2520 882 2566 ambitum
937 2519 1220 2566 certantibus
1273 2515 1619 2564 absolvendum

188 2598 346 2646 fuisse.
383 2599 553 2647 deinde
577 2618 631 2647 ex
656 2603 875 2648 Pausania
900 2599 927 2645 l.
952 2619 988 2647 c.
1017 2602 1206 2662 majoris
1236 2600 1457 2647 momenti
1482 2597 1618 2643 fuisse
