1726 2912
10 2422 14 2553 ἓ

10 2554 14 2675 l

1480 68 1542 113 53

110 191 483 242 αἱδοιέστατον.
552 194 612 240 ib.
641 194 781 240 habet
799 195 903 258 ἔχει
931 194 1078 257 (quod
1098 197 1384 241 Hermannus
1403 211 1540 259 egre-

110 275 182 336 gia
211 274 557 321 emendatione:
594 278 722 333 ἐπεὶ,
760 274 959 336 sustulit)
1004 292 1040 321 c.
1072 274 1132 338 gl.
1172 280 1407 331 κέκτηται
1450 279 1538 342 γὰρ

109 359 135 403 ὁ
166 359 253 410 σὸς
281 360 549 423 ὀφῦαλμὸς
581 358 694 412 ἤτοι
724 362 787 405 σὺ
817 360 984 416 τίμιον
1015 362 1151 421 γε’ρας
1178 364 1240 425 σῇ
1272 362 1537 416 ἑνούμενον

107 435 136 490 ἢ
166 434 511 498 διοικούμενον
545 438 760 502 διανοίᾳ.
841 439 919 484 20.
958 441 1174 490 κλεννοῖς.
1256 438 1334 483 26.
1371 441 1538 505 φιλεῖν

106 513 173 563 δὲ.
243 517 347 562 Hoc
376 517 691 563 Aristarchum
720 519 985 583 reposuisse
1023 535 1113 582 pro
1143 521 1281 586 φίλει
1309 517 1358 566 δὲ
1389 517 1537 563 scho-

105 594 267 641 liastae
291 607 501 644 auctores
528 609 651 654 sunt,
687 597 772 643 sed
803 615 893 644 non
926 597 1124 654 addunt,
1158 608 1304 644 utrum
1338 615 1389 644 ex
1419 614 1538 643 con—

102 676 283 738 jectura
315 694 369 721 an
395 695 450 723 ex
475 677 605 722 libris
631 680 811 739 scriptis
842 678 1052 724 intulerit.

204 759 283 804 27.
319 763 601 819 ἐπιμηὲἐος.
671 760 750 805 28.
788 762 1020 819 ὀψίνοον,
1059 757 1192 821 quod
1223 757 1373 804 schol.
1408 758 1539 821 legit,

108 853 195 883 nec
232 848 322 898 est,
371 855 452 883 cur
493 839 686 885 alteram
722 837 991 893 lectionem,
1040 841 1252 898 ὀψινόου
1288 837 1538 899 praeferas.

108 918 174 966 ib.
209 919 515 982 βαττιαδοῖν.
584 922 663 966 30.
700 923 1032 983 ἁκηράτοισιν
1058 920 1266 965 ἀνίοισι.

204 1002 280 1045 33.
309 999 523 1049 δυώδεκα
543 1000 731 1065 δρόμων
751 1005 966 1060 τέμενος.
1003 998 1075 1043 Ad
1091 998 1370 1064 ποδαρκέων
1387 996 1541 1060 glossa

108 1091 177 1127 est
210 1085 412 1148 τρέχων.
500 1081 715 1127 Similiter
751 1080 1022 1126 scholiasta:
1077 1085 1136 1128 τὸ
1181 1078 1392 1128 στάδιον
1438 1087 1542 1132 τοῖς

108 1166 262 1211 ποσὶν
284 1166 558 1228 ἐπαρκέσας
582 1164 660 1209 καὶ
681 1166 769 1217 τὴν
790 1164 927 1217 νίκην
948 1165 1348 1222 ἀπενεγκάμενος.
1415 1162 1541 1215 Jam,

107 1251 153 1285 ut
186 1239 349 1285 dicitur
385 1249 531 1289 νικοῖν
562 1239 778 1290 στάδιον
811 1257 846 1288 S.
880 1242 1092 1307 δρόμον,
1145 1252 1327 1305 poterat
1354 1242 1537 1306 poetica

107 1320 369 1383 periphrasi
411 1320 501 1365 dici
544 1330 686 1371 νικᾶν
729 1338 764 1368 S.
800 1321 1063 1388 ποδαρκεῖν
1104 1329 1303 1380 τέμενος
1340 1322 1540 1388 δρόμων.

107 1403 203 1447 Nec
229 1411 410 1458 metuo,
443 1418 501 1446 ne
527 1403 627 1464 quis
657 1403 699 1446 in
727 1400 1006 1468 ποδαρκέων
1038 1402 1096 1446 de
1128 1403 1287 1463 auriga
1317 1412 1540 1466 usurpato

110 1482 325 1531 ostendat
869 1483 917 1521 ·“

206 1566 284 1611 38.
326 1565 633 1626 δαιδάλματ’
663 1566 807 1629 ἄγων.
875 1567 955 1636 38>
991 1569 1051 1613 τὸ
1083 1575 1173 1634 σφ’
1205 1564 1311 1629 ἔχει
1343 1580 1446 1608 cum
1477 1563 1538 1625 gl.

107 1645 192 1694 διὰ
220 1653 378 1693 τοῦτο
406 1646 537 1710 ἔχει,
573 1651 811 1702 κέκτηται
844 1653 973 1695 αὐτὸ
1004 1651 1067 1720 τὸ,
1096 1647 1246 1712 ἅρμα.
1316 1643 1542 1705 Displicet

109 1726 289 1772 Tafelio
320 1728 530 1789 repetitio
565 1732 811 1793 κρέμαται
841 1755 900 1764 --
936 1729 996 1775 τὸ
1028 1712 1117 1793 οςῑῗ
1142 1729 1274 1791 ἔχει,
1312 1740 1398 1769 nec
1428 1722 1542 1768 mihi

107 1806 358 1864 credibile,
393 1806 638 1852 Pindarum
668 1810 735 1853 sic
760 1810 1020 1870 scripsisse,
1057 1809 1202 1851 minus
1232 1815 1424 1868 propter
1449 1807 1542 1850 ite-

106 1898 258 1932 ratam
288 1886 544 1933 donationis
572 1890 878 1945 mentionem,
914 1888 999 1934 sed
1030 1888 1138 1950 quia
1164 1903 1256 1932 non
1278 1886 1541 1932 necessario

108 1966 516 2032 suspendebantur
547 1970 591 2012 in
617 1968 694 2014 illa
723 1968 961 2024 aedicula,
997 1978 1208 2030 poterant
1237 1968 1372 2012 etiam
1406 1965 1542 2022 alibi,

109 2058 152 2093 at
196 2047 421 2110 suspendi
472 2047 708 2095 debebant
761 2047 930 2093 alicubi
985 2048 1182 2092 victricia
1227 2047 1542 2093 instrumenta.

106 2131 321 2174 Fortasse
349 2128 494 2174 fuerat
521 2132 604 2177 καί
633 2133 722 2197 σφ’
749 2129 868 2194 ἔχει.

208 2211 286 2257 41.
323 2215 615 2277 παρνασ-σίω
645 2215 970 2259 καθέσσαντο
1003 2208 1158 2255 Guelf.
1187 2212 1443 2256 κάὲισσαν
1469 2212 1544 2256 τὸ.

115 2287 260 2348 Quod
298 2291 394 2338 VV.
429 2292 533 2338 DD.
573 2290 798 2337 dederunt
837 2295 925 2339 τὸν
958 2312 1004 2351 μ,
1038 2295 1230 2358 φυτὸν,
1276 2299 1318 2333 et
1352 2298 1548 2353 propter

111 2372 500 2417 constructionem
524 2372 582 2419 ὂν
608 2398 670 2406 --
696 2376 982 2425 κάθεσσαν,
1009 2374 1098 2419 τὸν
1121 2392 1170 2430 μ.
1196 2383 1249 2434 cp.
1287 2378 1328 2415 et
1355 2379 1547 2431 propter

111 2449 346 2496 insolitum
377 2468 430 2496 ea
463 2453 646 2496 notione
678 2450 891 2512 adjectivi
922 2450 1124 2496 verbalis
1157 2465 1298 2512 genus
1335 2467 1427 2495 non
1460 2467 1548 2495 ac-

110 2531 253 2595 cipio.
324 2532 544 2594 Suspicor
567 2541 757 2592 poetam
782 2529 965 2576 dedisse
991 2538 1085 2579 τοῦ
1115 2531 1431 2597 μονοδρόπου
1458 2545 1548 2599 φυ-

106 2619 219 2659 τοῦ.
305 2612 406 2657 Non
434 2621 530 2656 erat
562 2612 752 2666 mirum,
797 2610 1016 2656 arborem
1059 2610 1182 2657 illam
1220 2611 1357 2658 fuisse
1397 2616 1545 2671 μονό-
