1726 2912
1461 77 1519 121 41

86 203 217 267 quod
246 203 320 249 hic
350 214 440 261 est,
475 205 614 250 etiam
642 206 908 251 Dissenium
931 203 1075 268 fugit,
1109 220 1201 250 non
1224 202 1523 251 scholiastam

86 296 130 331 et
149 284 452 331 Schmidium.
521 287 596 331 42.
632 290 820 351 βιῆται.
889 285 964 330 45.
992 283 1215 351 μακράδε
1238 286 1348 344 (sic)
1371 287 1523 355 ῥίψας

84 369 380 427 ἀμεύσασθ’,
452 367 527 411 46.
551 367 580 423 ἢ
605 386 681 414 κεν
705 370 970 428 οἲνμήσειεν
995 367 1116 426 (sic).
1182 364 1313 427 Pyth.
1339 367 1421 425 IV,
1446 366 1522 411 54.

83 445 209 492 idem
237 450 507 508 ἀμμνοίσει.
585 449 662 494 51.
713 458 835 494 tenet
865 464 971 494 cum
1002 449 1164 494 ceteris
1197 451 1388 512 ἀνάγκᾳ
1416 466 1519 509 μιν.

85 528 161 572 52.
196 527 359 575 ἕσανε,

180 617 243 665 ib.
278 625 743 680 μεταλλάσσοντας.
811 619 950 676 Quod
980 617 1244 666 Boeckhius
1276 631 1319 666 et
1353 621 1521 666 Disse-

83 699 181 745 nius
228 715 316 761 pro
358 697 447 744 hac
487 698 686 745 lectione
734 710 1049 761 reposuerunt
1095 704 1520 764 μεταμείβοντας,

85 795 274 836 vereor,
309 789 355 824 ut
380 779 576 824 verbum
598 780 955 826 vicissitudinem
978 791 1139 827 notans
1164 780 1238 826 hic
1261 779 1418 825 locum
1444 781 1524 824 in-

82 861 238 906 venire
269 862 426 923 possit.
496 860 633 905 Varia
664 859 962 920 conjecerunt
991 860 1030 904 V
1036 861 1085 905 V.
1113 861 1215 905 DD.
1285 861 1525 904 Herman—

81 956 168 986 nus
210 941 338 1003 prius
385 945 515 1002 μέτα
564 945 847 996 λύσοντας,
897 956 1016 985 nunc
1059 946 1188 1003 μέτα
1237 944 1521 995 λάσοντας,

81 1021 287 1085 probans
318 1032 470 1068 tamen
499 1019 794 1067 Wakefieldii
827 1021 1143 1082 conjecturam
1177 1024 1522 1083 μετανάσσον-

10 1153 11 1159 ,
80 1123 183 1157 τας.
270 1103 432 1148 Malim
465 1106 880 1168 μεταβάσοντας,
928 1103 972 1147 in
1008 1101 1137 1164 quod
1169 1103 1304 1147 etiam
1339 1117 1524 1162 anony-

10 1187 12 1195 '
81 1200 209 1229 mum
237 1183 463 1229 Boeckhii
498 1185 700 1229 amicum
734 1182 947 1228 incidisse
980 1200 1099 1229 nunc
1130 1183 1283 1229 video.
1351 1180 1522 1239 Quidni

84 1265 150 1310 sic
182 1266 417 1327 scripserit
452 1262 707 1309 Pindarus?
788 1264 856 1309 Cf.
884 1262 953 1309 ol.
986 1266 1023 1318 1,
1062 1266 1137 1309 42.
1182 1267 1290 1312 τότ’
1317 1268 1523 1326 ’Amana

84 1342 323 1412 τριαίναν
360 1350 587 1409 ἁρπάσαι
625 1344 850 1403 δαμέντα
886 1351 1068 1413 φρένας
1107 1350 1251 1412 ἱμέρῳ
1287 1348 1521 1411 χρυσέαι-

85 1445 168 1474 σιν
199 1428 308 1485 (Scr.
335 1425 605 1492 χρυσέαισί
625 1427 691 1481 τ’)
725 1427 798 1470 ἀν’
823 1423 995 1477 ἵπποις
1023 1426 1220 1473 ὕπατον
1248 1425 1520 1485 εὐρυτίμου

84 1509 203 1554 ποτὶ
234 1504 372 1567 δῶμα
403 1507 521 1560 Διὸς
554 1507 845 1567 μεταβᾶσαι
928 1504 1119 1549 Minime
1150 1521 1205 1549 ex
1237 1503 1391 1566 glossa
1421 1506 1523 1549 He-

83 1583 256 1647 sychii:
294 1587 619 1650 μεταμείβων.
655 1589 1021 1647 μεταλλάσοων
1058 1585 1382 1647 consequitur,
1428 1600 1524 1629 no·-

86 1676 237 1712 strum
265 1665 419 1711 locum
452 1665 512 1711 ab
544 1683 600 1712 eo
634 1667 938 1730 grammatico
967 1666 1180 1729 spectari.

182 1763 259 1808 54.
295 1769 444 1829 πέρσε
475 1767 744 1812 τελεύτασε
772 1783 825 1810 τε
852 1767 1083 1817 πολλοὺς.
1151 1763 1226 1807 57.
1263 1760 1405 1808 habet
1431 1765 1523 1809 τὸν

86 1849 438 1910 προσέρποντα
468 1846 662 1907 χρόνον.
743 1843 818 1887 58.
856 1846 938 1889 καὶ
967 1844 1074 1907 περὶ
1105 1840 1144 1888 δ.
1225 1843 1301 1887 59.
1336 1843 1523 1890 πείὲεο.

85 1922 146 1969 ib.
178 1930 352 1990 χάρμα
385 1923 449 1971 δὲ.
519 1926 593 1967 66.
630 1924 901 1987 ἐξεύρομεν.
969 1924 1047 1966 62.
1085 1922 1264 1970 ἔκτισε.
1331 1923 1406 1966 65.
1441 1921 1523 1970 δω-

15 2058 16 2069 ¹
85 2011 190 2071 ριῆς
223 2006 310 2065 (sic
335 2004 687 2067 subscriptum).
769 2005 844 2050 67.
892 2011 987 2052 Ζεῦ
1016 2007 1160 2051 τέλει’
1187 2005 1282 2050 αἰεί
1310 2001 1359 2050 δε
1394 2003 1520 2063 (sic).

134 2080 160 2100 81

16 2141 17 2149 ¹
85 2130 160 2174 68.
196 2131 481 2188 βασιλεῦσι.
552 2129 627 2173 69.
663 2131 887 2195 ἁγιστὴρ.

17 2280 18 2291 ¹
184 2225 260 2268 70.
308 2227 579 2291 σύμφωνον
610 2223 843 2283 ἡσυχίαν.
938 2221 1066 2282 Lege
1102 2236 1158 2265 ex
1192 2221 1306 2282 Aug.
1341 2220 1383 2264 D
1417 2221 1519 2265 Par.

17 2298 18 2302 ¹
87 2306 135 2348 B.
168 2324 214 2351 σ.
247 2307 290 2356 ἐς
326 2307 576 2366 ἁσυχίαν,
624 2300 924 2346 confirmatur
956 2302 1078 2346 enim
1119 2299 1210 2345 hoc
1239 2298 1519 2345 scholiastae

88 2382 392 2446 explicatione
420 2393 463 2428 et
494 2381 711 2444 exemplo
742 2384 787 2427 P.
819 2384 890 2438 lll,
921 2382 997 2427 35.
1148 2430 1167 2458 η
1250 2429 1269 2458 η

180 2462 244 2509 ib.
283 2462 444 2524 δᾶμον
473 2483 526 2510 τε
554 2484 593 2524 γ.
672 2464 749 2508 72.
788 2468 812 2510 ὁ
842 2464 1011 2530 φοῖνιξ
1044 2468 1069 2511 ὁ
1106 2466 1363 2528 ταρσάνων
1395 2461 1518 2520 (sic).

86 2547 162 2590 73.
197 2545 548 2610 συρρακοσίων.
619 2545 696 2588 74.
731 2544 903 2610 ὅσφιν
926 2560 1019 2589 non
1037 2540 1428 2607 improbandum,
1463 2540 1519 2587 cf.

90 2629 136 2671 P.
157 2628 215 2684 11,
240 2627 314 2671 50.
361 2625 435 2670 ⁶65.
465 2622 707 2679 δουλείας.
757 2623 821 2671 ib.
850 2629 1082 2686 αἱρέομαι
1151 2626 1228 2669 ἵ6.
1253 2624 1517 2679 ἀθηναίων.
