1726 2912
202 47 262 89 28

199 183 377 219 vatam:
423 177 576 228 οὕτως
604 176 808 235 ἄμεινον
844 177 1149 241 γράφεσὲαι.
1187 176 1267 235 βίη
1292 176 1540 239 ἡρακλέος.
1585 179 1634 220 οἱ

197 259 289 318 γὰρ
323 259 599 322 γράφοντες
631 255 800 319 ἕτερον
837 260 924 302 οὐκ
961 260 1116 320 ὀρὲὦς
1154 257 1453 314 γράφουσιν.
1533 254 1635 297 lm-

194 335 350 396 posuit
383 334 634 379 Graeculus
665 338 843 380 Pauwio
877 346 918 379 et
948 335 1153 394 Heynio,
1192 334 1268 395 qui
1299 331 1495 377 Aldinae
1530 349 1634 378 cum

193 413 396 460 Palatino
422 417 674 460 concinenti
700 415 855 460 tribuit
883 413 921 458 l).
950 414 972 458 Ι.
1000 424 1165 458 textum
1192 431 1244 458 ex
1273 413 1453 459 scholio
1483 415 1632 458 inter-

193 494 425 557 polatum,
460 495 725 540 Boeckhius
754 495 961 540 similiter
992 493 1050 539 de
1079 493 1241 539 eadem
1274 493 1472 539 lectione
1499 493 1631 556 judi—

194 585 265 620 cat
306 586 567 621 »vetustum
600 574 690 620 hoc
719 576 951 638 glossema
982 574 1160 621 videtur
1188 592 1239 621 ex
1271 574 1339 620 Ol.
1368 576 1430 632 V,
1461 577 1506 622 5.
1540 592 1632 639 pe-

195 657 323 702 titum
339 690 350 711 ,
387 657 524 718 quod
553 657 624 702 vel
649 668 754 703 ante
774 656 921 702 schol.
944 667 1027 702 vet.
1050 658 1269 702 invaserit
1293 656 1451 702 libros.
1466 675 1486 697 ι(
1561 658 1632 703 De

193 737 384 798 βωμὸν,
418 739 515 783 sive
548 749 596 783 ut
619 740 790 784 rectius
822 740 942 784 Gott.
973 741 1142 802 βωμῷ,
1192 739 1438 793 assentior,
1485 737 1632 783 fuerat

187 817 285 880 jam
313 819 355 862 in
386 829 528 875 textu,
566 836 710 882 quum
740 819 804 864 illi
834 821 1113 882 antiquiores
1143 818 1521 883 adscripserunt:
1569 823 1630 867 τὸ

192 905 361 960 μνῆμα
394 907 490 947 τοῦ
515 905 742 955 Πέλοπος
771 908 830 948 τὸ
863 906 993 949 αὐτὸ
1024 908 1090 963 τῷ
1117 904 1283 965 βωμῷ,
1322 906 1379 947 οὐ
1412 904 1501 966 γὰρ
1534 905 1630 949 ἑτέ-

190 983 311 1042 ρωθι
334 985 423 1041 μὲν
454 985 478 1026 ὁ
505 984 703 1041 Πέλοψ,
740 986 942 1046 ἑτέρωθι
971 981 1018 1028 δὲ
1052 987 1075 1029 ὁ
1105 986 1293 1042 βωμὸς,
1332 985 1442 1029 ἀλλ’
1466 984 1518 1028 ἓν
1546 984 1629 1029 καὶ

188 1063 249 1106 τὸ
289 1065 416 1107 αὐτὸ
451 1063 629 1126 χωρίον
669 1067 779 1109 ἐστὶ
825 1072 960 1122 σῆμα
1000 1068 1079 1109 καὶ
1124 1065 1297 1125 βωμός.
1376 1062 1433 1109 cf.
1476 1064 1630 1125 ipsum

190 1138 441 1184 Pindarum
473 1140 543 1187 Ol.
572 1144 607 1197 l,
636 1143 714 1187 93.
801 1141 936 1187 Vides
967 1146 1109 1205 βωμῷ
1143 1143 1460 1205 explicationis
1493 1159 1630 1188 cansa

191 1218 425 1279 additum3
462 1232 599 1283 poeta
627 1221 821 1268 dederat
849 1230 1046 1286 σάματι
1065 1261 1075 1280 ,
1106 1225 1334 1288 interpres
1355 1223 1495 1269 altera
1511 1240 1631 1270 voce

188 1301 480 1363 significabat
509 1308 841 1372 αἱμακουρίας
873 1308 1115 1368 quotannis
1140 1308 1183 1350 in
1205 1305 1419 1367 sepulcro
1442 1304 1630 1367 Pelopis

189 1381 463 1430 celebratas.
544 1386 794 1431 Veniamus
831 1386 889 1431 ad
929 1389 1229 1452 ἑξάριὲμον,
1280 1385 1413 1448 qnod
1446 1396 1629 1432 veteres

188 1461 463 1510 scholiastae
493 1481 596 1510 cum
629 1468 795 1527 βωμῶν
845 1468 936 1528 (sic
969 1470 1089 1513 enim
1128 1466 1459 1527 exhibuerunt)
1506 1483 1630 1512 con-

183 1543 472 1606 jungendum
515 1561 615 1591 esse
655 1557 934 1592 statuerunt:
985 1549 1161 1595 &vura
1207 1553 1371 1610 ἀγῶνα
1414 1549 1628 1603 πλησίον

189 1631 285 1673 τοῦ
312 1628 528 1691 ἀρχαίου
555 1631 780 1688 σήματος
812 1631 893 1675 καὶ
922 1632 1093 1697 τάφου
1128 1628 1175 1685 ἒξ
1210 1634 1377 1692 βωμῶν
1405 1632 1624 1694 ἀριθμὸν

186 1707 377 1770 ἔχοντα
425 1705 671 1774 ἱδρύσατο
717 1714 800 1756 καὶ
848 1715 1213 1757 κατεσκεύασεν
1262 1714 1501 1775 ςΗρακλῇς
1561 1737 1627 1744 --·

185 1802 477 1852 magnopere
508 1799 736 1847 errantes,
782 1806 960 1853 suoque
991 1807 1150 1836 errore
1184 1801 1404 1837 nocentes
1442 1789 1628 1836 lectioni

185 1882 339 1915 verae.
408 1871 522 1914 Nam
547 1871 817 1933 ἑξάριθμον
844 1870 903 1916 ad
931 1879 1092 1934 ἀγῶνα
1119 1872 1341 1933 pertinet,
1380 1873 1482 1934 qui,
1516 1872 1628 1916 Pin-

186 1945 301 1993 daro
330 1949 432 2010 ipso
463 1960 678 2006 auctore,
712 1966 793 1996 sex
822 1951 1071 2013 generibus
1104 1963 1198 1998 tum
1229 1951 1493 2008 constabat,
1528 1961 1629 1998 sta-

184 2025 287 2084 dio,
333 2027 478 2084 lucta,
526 2030 757 2092 pugilatu,
804 2031 1072 2093 quadrigis,
1115 2032 1300 2094 jaculo,
1348 2033 1494 2081 disco.
1565 2032 1626 2081 cf.

183 2107 298 2153 infra
330 2110 393 2154 67
414 2136 480 2142 —
502 2111 579 2157 75.
648 2110 943 2156 Restituenda
977 2113 1111 2174 igitur
1145 2114 1433 2177 optimorum
1467 2113 1626 2159 libro-

183 2206 284 2235 rum
312 2189 447 2237 lectio
476 2195 749 2257 ἑξάριθμον
776 2197 1066 2257 Ἡρακλέης,
1107 2211 1194 2255 qua
1226 2196 1402 2239 ratione
1429 2194 1626 2240 exulabit

184 2272 451 2328 ἐκτίσατο,
501 2272 690 2319 alterum
724 2273 980 2336 glossema,
1030 2273 1233 2337 reliquus
1265 2277 1385 2320 enim
1416 2292 1508 2321 non
1539 2277 1624 2322 nisi

184 2350 408 2397 iambicae
444 2352 640 2398 voculae
677 2352 803 2398 locus
841 2352 973 2399 facile
1007 2353 1334 2400 inveniendae:
1385 2356 1622 2403 scribatur

183 2433 326 2495 ἔθηχ’
355 2435 624 2503 ἑξάριὲμον
653 2439 721 2483 Ἡ.
789 2437 848 2482 cf.
879 2437 915 2481 si
942 2452 1062 2501 opus
1091 2445 1178 2492 est,
1214 2435 1381 2499 fragm.
1411 2440 1525 2486 252.
1553 2457 1623 2486 τι·

185 2517 397 2573 θεμένων
426 2519 633 2579 ἀγώνων.
669 2515 738 2564 Ol.
771 2520 842 2572 111,
876 2519 952 2564 23.
989 2521 1181 2566 ἀέθλων
1211 2520 1376 2580 κρίσιν
1404 2522 1487 2568 καὶ
1512 2538 1619 2569 πεν-

184 2595 446 2661 ταετηρίδα
482 2603 614 2651 ἓῆκε.

1724 219 1725 243 l

1724 245 1726 256 l

1724 260 1726 279 l
