1726 2912
16 337 19 360 i

13 374 19 393 A

16 401 19 422 5

1437 49 1496 93 29

156 189 234 232 30.
275 185 416 231 habet
441 189 653 234 ἀέκονθ’.
721 187 800 231 31.
831 181 1060 247 δάμασσε
1086 188 1355 238 κάκείνους.

156 268 234 313 33.
272 267 445 327 ἥμενον
475 265 536 328 gl.
567 270 843 327 καθήμενον
874 263 1261 310 consentientibus
1286 262 1498 310 scholia-

60 349 161 405 stis‚
209 365 234 392 e
267 346 435 408 quibus
470 346 584 392 alter
617 347 732 393 haec
766 351 1022 393 annotavit:
1069 351 1291 414 στρατὸν
1321 352 1497 413 Τιρύν-

60 434 176 476 θιον
218 429 335 483 ἢτοι
364 434 584 489 Ἀργεῖον
621 433 900 490 καθήμενον
935 434 984 476 ἐν
1019 435 1129 481 ταῖς
1165 432 1370 476 κοιλάσι
1410 435 1497 485 τῆς

56 508 259 561 Ἴ-Ιλιδος
288 512 604 573 ἐπορὲησαν,
644 511 759 556 ἀντὶ
785 517 901 557 τοῦ·
936 511 1198 576 ἔφθειραν,
1267 507 1382 554 aiter
1409 524 1498 553 ve·-

62 589 254 634 tustior:
292 594 447 654 πρώην
476 596 599 637 ποτὲ
632 591 690 635 τὸ
719 595 1012 654 στράτευμα
1041 596 1205 637 αὐτοῦ
1235 593 1295 636 τὸ
1323 597 1372 636 ἐκ
1400 597 1497 638 τῶν

62 676 285 734 Ἀργειων
314 674 362 714 ἐν
393 675 451 728 τῇ
483 672 624 714 πόλει
656 675 752 715 τῶν
786 672 983 716 Ἠλείων
1017 672 1351 730 καθεζόμενον
1385 676 1499 718 ἐπο-

60 753 281 809 λέμησαν
314 749 418 807 (scr.
437 750 869 809 κατεπολέμησαν)
900 751 1080 804 αὐτοὶ,
1118 753 1166 796 οἱ
1187 754 1498 818 ὑπερήφανοι

65 828 236 883 παῖδες
265 836 351 885 τῆς
380 833 648 884 Μολιόνης.
723 828 850 874 Alius
889 846 943 875 ex
976 829 1308 875 recentioribus
1344 830 1500 876 verbis

66 913 150 958 καὶ
181 914 368 965 κείνους
393 908 622 971 deceptus
646 926 745 956 esse
774 909 976 968 videtur,
1012 923 1058 957 ut
1088 912 1313 958 scriberet
1342 928 1382 959 v.
1409 914 1500 958 28:

63 999 451 1056 συμμαχοῦντες
483 991 632 1039 οὗτοι
663 997 841 1057 Αὐγείᾳ
873 994 923 1040 ἔν
960 1012 1060 1041 τινι
1091 997 1223 1057 τόπῳ
1254 1000 1341 1050 τῆς
1366 994 1501 1042 ’Ἠλι-

63 1070 145 1126 δος
176 1076 485 1137 λοχήσαντες
514 1080 607 1119 τοῦ
639 1082 869 1133 στρατοῦ
904 1077 963 1121 τὸ
998 1078 1236 1121 πλεῖστον
1273 1072 1499 1136 διέφθει-

64 1173 167 1221 ραν.
239 1154 407 1198 Verum
432 1165 609 1215 spectat
636 1153 751 1199 illud
779 1158 863 1202 καὶ
889 1153 948 1199 ad
973 1155 1182 1216 δάμασε.
1251 1157 1501 1202 Pausanias

65 1232 123 1279 de
143 1233 509 1279 Molionidarum
537 1234 709 1280 insidiis
739 1252 825 1280 nec
858 1238 915 1295 ΙΙ,
948 1238 1029 1292 15,
1065 1253 1149 1281 nec
1180 1237 1238 1292 V,
1270 1238 1315 1284 2.
1352 1236 1502 1300 quid-

65 1331 204 1376 quam
232 1313 400 1372 habet,
435 1315 536 1361 silet
563 1316 700 1360 etiam
731 1315 1056 1376 Apollodorus
1087 1319 1140 1372 ΙΙ,
1168 1318 1224 1376 7,
1252 1319 1297 1364 2.
1368 1319 1468 1364 Con
1487 1346 1503 1353 -

58 1396 265 1458 jecturae
293 1399 474 1456 ἡμένω,
511 1411 651 1456 quan]
686 1394 986 1440 Thierschius
1019 1399 1284 1459 proposuit,
1320 1408 1500 1461 tempus

67 1476 197 1522 verbi
223 1475 398 1533 obstat,
435 1486 478 1521 et
503 1474 749 1533 Pindarus,
774 1477 811 1521 si
834 1474 881 1520 id
907 1475 1149 1533 voluisset,
1175 1488 1356 1539 poterat
1378 1481 1503 1524 scri-

63 1557 180 1603 here
207 1563 256 1606 ἐκ
285 1560 474 1620 λόχου,
508 1567 556 1602 ut
578 1558 709 1601 Nem.
736 1555 815 1610 lV,
845 1556 922 1601 60.
993 1556 1157 1618 Cogita
1185 1557 1333 1618 potius
1361 1574 1503 1604 exer-

65 1640 212 1684 citum
238 1637 446 1684 Herculis
477 1639 534 1682 ita
569 1636 794 1682 inciusum
828 1636 967 1682 fuisse
1000 1635 1292 1683 convallibus
1327 1627 1499 1700 Elidis,

64 1727 111 1762 ut
137 1717 309 1763 nullum
335 1716 520 1764 daretur
542 1716 762 1780 effugium
776 1750 788 1773 ,
813 1726 949 1780 atque
969 1718 1035 1762 sic
1056 1715 1117 1763 ad
1141 1718 1503 1767 internecionem

65 1814 206 1858 usque
231 1798 592 1845 conciderentur.

161 1881 239 1926 43.
290 1883 584 1942 ἀβουλὶαις,
628 1889 674 1923 ut
709 1878 883 1924 lemma
915 1878 1064 1927 schol.
1145 1881 1205 1927 cf.
1240 1885 1289 1929 P.
1320 1885 1394 1940 lll,
1425 1885 1500 1930 13.

69 1963 412 2023 ἀμπλακίαισι
449 1967 649 2026 φρενῶν.
717 1959 884 2005 Aeseh.
918 1964 1046 2010 Ἑπτ.
1083 1963 1194 2009 750.
1240 1967 1503 2027 ἀβουλίαις

68 2042 291 2105 ἐγείνατο
315 2047 403 2101 μὲν
426 2045 581 2105 μόρον
611 2049 763 2104 αὐτῷ.
828 2044 975 2087 Etiam
1000 2045 1051 2090 N.
1077 2044 1159 2101 IV,
1186 2046 1264 2091 37.
1293 2043 1386 2090 duo
1412 2061 1505 2090 co-

70 2120 196 2168 dices
241 2124 583 2184 ἐπιβουλιάις,
640 2124 951 2169 consentiente
997 2141 1086 2169 uno
1134 2124 1501 2172 scholiastarum.

6 2203 9 2211 ’
70 2205 148 2250 44.
186 2208 449 2257 ἀντιάσας.
528 2204 604 2248 46.
651 2207 803 2251 λαίαν
839 2220 1073 2269 suprascr.
1106 2205 1168 2269 gl.
1203 2210 1359 2254 λεῖαν.
1422 2207 1501 2253 48.

5 2335 8 2338 ⁴
71 2288 228 2348 κύκλῳ
246 2282 459 2331 δάπεδον
475 2289 609 2337 &fiue-
676 2286 753 2330 52.
790 2287 1005 2347 νώνυμος
1025 2285 1361 2349 ἕὶάνώνυμος.
1427 2287 1504 2332 56.

74 2369 323 2412 ἀλάθειαν
351 2364 510 2412 habet.
578 2366 655 2411 57.
692 2371 871 2432 πρόσω.

167 2445 245 2489 64.
298 2443 444 2506 ἔλαβε
481 2450 752 2513 στέφανον.
833 2444 906 2488 Sic
946 2461 1062 2490 unus
1097 2457 1279 2507 noster‚
1330 2449 1502 2495 rectius

73 2534 214 2588 puto,
251 2540 390 2587 quam
418 2524 594 2587 ἔλαχε,
630 2526 841 2584 quamvis
870 2522 962 2569 hoc
987 2535 1198 2571 tueantur
1222 2526 1373 2575 schol.
1441 2527 1500 2576 cf.

5 2621 8 2651 τ
75 2620 222 2669 supra
256 2621 298 2651 v.
329 2607 405 2651 23.
443 2606 633 2653 ἄπονον
661 2603 703 2652 δ’
730 2607 912 2664 ἔλαβον
939 2610 1110 2672 χάρμα
1140 2610 1324 2673 παῦροί
1353 2628 1501 2663 τινες.
