<?xml version="1.0" encoding="UTF-8"?>
<!DOCTYPE html PUBLIC "-//W3C//DTD XHTML 1.0 Transitional//EN"
    "http://www.w3.org/TR/xhtml1/DTD/xhtml1-transitional.dtd">
<html xmlns="http://www.w3.org/1999/xhtml" xml:lang="en" lang="en">
 <head>
  <title>
</title>
<meta http-equiv="Content-Type" content="text/html;charset=utf-8" />
  <meta name='ocr-system' content='tesseract 3.04.00' />
  <meta name='ocr-capabilities' content='ocr_page ocr_carea ocr_par ocr_line ocrx_word'/>
</head>
<body>
  <div class='ocr_page' id='page_1' title='image "./lectionespindari00kaysuoft_0017.png"; bbox 0 0 1726 2912; ppageno 0'>
   <div class='ocr_carea' id='block_1_1' title="bbox 1538 43 1566 86">
    <p class='ocr_par' dir='ltr' id='par_1_1' title="bbox 1538 43 1566 86">
     <span class='ocr_line' id='line_1_1' title="bbox 1538 43 1566 86; baseline 0 0"><span class='ocrx_word' id='word_1_1' title='bbox 1538 43 1566 86; x_wconf 77' lang='lat'>7</span> 
     </span>
    </p>
   </div>
   <div class='ocr_carea' id='block_1_2' title="bbox 123 167 1565 2660">
    <p class='ocr_par' dir='ltr' id='par_1_2' title="bbox 124 167 1564 1122">
     <span class='ocr_line' id='line_1_2' title="bbox 125 167 1563 234; baseline 0.001 -18"><span class='ocrx_word' id='word_1_2' title='bbox 125 167 410 227; x_wconf 88' lang='lat' dir='ltr'><strong>Schmidius,</strong></span> <span class='ocrx_word' id='word_1_3' title='bbox 444 187 537 216; x_wconf 89' lang='lat' dir='ltr'><strong>non</strong></span> <span class='ocrx_word' id='word_1_4' title='bbox 561 168 764 215; x_wconf 81' lang='lat' dir='ltr'><strong>indicato</strong></span> <span class='ocrx_word' id='word_1_5' title='bbox 787 169 935 228; x_wconf 87' lang='lat' dir='ltr'><strong>fonte,</strong></span> <span class='ocrx_word' id='word_1_6' title='bbox 972 187 1157 227; x_wconf 82' lang='lat' dir='ltr'><strong>veram,</strong></span> <span class='ocrx_word' id='word_1_7' title='bbox 1192 173 1231 217; x_wconf 88' lang='lat' dir='ltr'><strong>si</strong></span> <span class='ocrx_word' id='word_1_8' title='bbox 1259 169 1372 234; x_wconf 89' lang='lat' dir='ltr'><strong>quid</strong></span> <span class='ocrx_word' id='word_1_9' title='bbox 1396 169 1563 229; x_wconf 87' lang='lat' dir='ltr'><strong>video,</strong></span> 
     </span>
     <span class='ocr_line' id='line_1_3' title="bbox 128 250 1562 316; baseline 0.001 -19"><span class='ocrx_word' id='word_1_10' title='bbox 128 252 372 298; x_wconf 87' lang='lat' dir='ltr'><strong>lectionem</strong></span> <span class='ocrx_word' id='word_1_11' title='bbox 401 253 619 308; x_wconf 87' lang='lat' dir='ltr'><strong>restituit,</strong></span> <span class='ocrx_word' id='word_1_12' title='bbox 656 268 802 314; x_wconf 88' lang='lat' dir='ltr'><strong>quum</strong></span> <span class='ocrx_word' id='word_1_13' title='bbox 830 261 958 297; x_wconf 83' lang='lat' dir='ltr'><strong>antea</strong></span> <span class='ocrx_word' id='word_1_14' title='bbox 990 252 1164 316; x_wconf 80' lang='grc' dir='ltr'><em>ἔχοντι</em></span> <span class='ocrx_word' id='word_1_15' title='bbox 1194 250 1413 312; x_wconf 80' lang='lat' dir='ltr'><strong>(habent)</strong></span> <span class='ocrx_word' id='word_1_16' title='bbox 1440 251 1562 298; x_wconf 86' lang='lat' dir='ltr'><strong>suis-</strong></span> 
     </span>
     <span class='ocr_line' id='line_1_4' title="bbox 127 331 1562 397; baseline 0.001 -19"><span class='ocrx_word' id='word_1_17' title='bbox 127 343 194 379; x_wconf 85' lang='lat' dir='ltr'><strong>set</strong></span> <span class='ocrx_word' id='word_1_18' title='bbox 221 334 265 378; x_wconf 87' lang='lat' dir='ltr'><strong>in</strong></span> <span class='ocrx_word' id='word_1_19' title='bbox 299 331 603 389; x_wconf 80' lang='lat' dir='ltr'><strong>editionibus,</strong></span> <span class='ocrx_word' id='word_1_20' title='bbox 654 343 915 379; x_wconf 85' lang='lat' dir='ltr'><strong>ceterorum</strong></span> <span class='ocrx_word' id='word_1_21' title='bbox 951 331 1167 378; x_wconf 86' lang='lat' dir='ltr'><strong>codicum</strong></span> <span class='ocrx_word' id='word_1_22' title='bbox 1201 331 1363 392; x_wconf 88' lang='lat' dir='ltr'><strong>lectio,</strong></span> <span class='ocrx_word' id='word_1_23' title='bbox 1405 350 1562 397; x_wconf 89' lang='lat' dir='ltr'><strong>eaque</strong></span> 
     </span>
     <span class='ocr_line' id='line_1_5' title="bbox 128 412 1562 477; baseline 0.001 -18"><span class='ocrx_word' id='word_1_24' title='bbox 128 432 154 459; x_wconf 86' lang='lat' dir='ltr'><strong>a</strong></span> <span class='ocrx_word' id='word_1_25' title='bbox 173 412 413 459; x_wconf 87' lang='lat' dir='ltr'><strong>Boeckhio</strong></span> <span class='ocrx_word' id='word_1_26' title='bbox 440 424 668 460; x_wconf 81' lang='lat' dir='ltr'><strong>revocata.</strong></span> <span class='ocrx_word' id='word_1_27' title='bbox 738 415 930 471; x_wconf 89' lang='lat' dir='ltr'><strong>Verum,</strong></span> <span class='ocrx_word' id='word_1_28' title='bbox 966 413 1095 477; x_wconf 89' lang='lat' dir='ltr'><strong>quod</strong></span> <span class='ocrx_word' id='word_1_29' title='bbox 1116 415 1402 461; x_wconf 82' lang='lat' dir='ltr'><strong>Hermannus</strong></span> <span class='ocrx_word' id='word_1_30' title='bbox 1424 416 1562 461; x_wconf 86' lang='lat' dir='ltr'><strong>etiam</strong></span> 
     </span>
     <span class='ocr_line' id='line_1_6' title="bbox 124 493 1561 557; baseline 0.002 -18"><span class='ocrx_word' id='word_1_31' title='bbox 124 493 352 557; x_wconf 74' lang='lat' dir='ltr'><strong>judicavit</strong></span> <span class='ocrx_word' id='word_1_32' title='bbox 391 497 557 556; x_wconf 87' lang='lat' dir='ltr'><strong>Opuse.</strong></span> <span class='ocrx_word' id='word_1_33' title='bbox 597 495 679 549; x_wconf 81' lang='lat' dir='ltr'><strong>Vt,</strong></span> <span class='ocrx_word' id='word_1_34' title='bbox 722 496 806 549; x_wconf 82' lang='lat'><strong>18,</strong></span> <span class='ocrx_word' id='word_1_35' title='bbox 854 494 1032 540; x_wconf 86' lang='lat' dir='ltr'><strong>nullam</strong></span> <span class='ocrx_word' id='word_1_36' title='bbox 1070 497 1163 542; x_wconf 83' lang='lat' dir='ltr'><strong>vim</strong></span> <span class='ocrx_word' id='word_1_37' title='bbox 1199 494 1374 543; x_wconf 85' lang='lat' dir='ltr'><strong>habent</strong></span> <span class='ocrx_word' id='word_1_38' title='bbox 1416 495 1561 542; x_wconf 87' lang='lat' dir='ltr'><strong>verba</strong></span> 
     </span>
     <span class='ocr_line' id='line_1_7' title="bbox 124 577 1559 643; baseline -0.001 -18"><span class='ocrx_word' id='word_1_39' title='bbox 124 581 295 643; x_wconf 77' lang='grc' dir='ltr'><em>πρέπει</em></span> <span class='ocrx_word' id='word_1_40' title='bbox 324 579 414 623; x_wconf 85' lang='grc' dir='ltr'><strong>τὸν</strong></span> <span class='ocrx_word' id='word_1_41' title='bbox 441 578 507 621; x_wconf 90' lang='grc' dir='ltr'><strong>Ἀ.</strong></span> <span class='ocrx_word' id='word_1_42' title='bbox 537 578 780 636; x_wconf 75' lang='grc' dir='ltr'><em>ἐγκωμίων</em></span> <span class='ocrx_word' id='word_1_43' title='bbox 807 582 1113 640; x_wconf 75' lang='grc' dir='ltr'><strong><em>τυγχανέμεν</em></strong></span> <span class='ocrx_word' id='word_1_44' title='bbox 1158 595 1183 622; x_wconf 84' lang='lat' dir='ltr'><strong>a</strong></span> <span class='ocrx_word' id='word_1_45' title='bbox 1230 577 1559 640; x_wconf 88' lang='lat' dir='ltr'><strong>superioribus</strong></span> 
     </span>
     <span class='ocr_line' id='line_1_8' title="bbox 127 655 1564 720; baseline 0.002 -18"><span class='ocrx_word' id='word_1_46' title='bbox 127 656 311 711; x_wconf 84' lang='lat' dir='ltr'><strong>avulsa,</strong></span> <span class='ocrx_word' id='word_1_47' title='bbox 347 655 454 716; x_wconf 87' lang='lat' dir='ltr'><strong>quia</strong></span> <span class='ocrx_word' id='word_1_48' title='bbox 488 671 572 718; x_wconf 90' lang='lat' dir='ltr'><strong>per</strong></span> <span class='ocrx_word' id='word_1_49' title='bbox 599 671 647 701; x_wconf 90' lang='lat' dir='ltr'><strong>se</strong></span> <span class='ocrx_word' id='word_1_50' title='bbox 675 655 1020 719; x_wconf 79' lang='lat' dir='ltr'><strong>intelligebatur</strong></span> <span class='ocrx_word' id='word_1_51' title='bbox 1050 657 1422 720; x_wconf 78' lang='lat' dir='ltr'><strong>Olympionieam</strong></span> <span class='ocrx_word' id='word_1_52' title='bbox 1450 675 1564 705; x_wconf 87' lang='lat' dir='ltr'><strong>car-</strong></span> 
     </span>
     <span class='ocr_line' id='line_1_9' title="bbox 127 734 1564 805; baseline 0.006 -25"><span class='ocrx_word' id='word_1_53' title='bbox 127 737 248 781; x_wconf 84' lang='lat' dir='ltr'><strong>mine</strong></span> <span class='ocrx_word' id='word_1_54' title='bbox 272 734 603 781; x_wconf 82' lang='lat' dir='ltr'><strong>celebrandum</strong></span> <span class='ocrx_word' id='word_1_55' title='bbox 631 752 753 793; x_wconf 89' lang='lat' dir='ltr'><strong>esse,</strong></span> <span class='ocrx_word' id='word_1_56' title='bbox 783 736 950 783; x_wconf 90' lang='lat' dir='ltr'><strong>deinde</strong></span> <span class='ocrx_word' id='word_1_57' title='bbox 972 737 1110 800; x_wconf 85' lang='lat' dir='ltr'><strong>friget</strong></span> <span class='ocrx_word' id='word_1_58' title='bbox 1133 737 1257 784; x_wconf 80' lang='lat' dir='ltr'><strong>istud</strong></span> <span class='ocrx_word' id='word_1_59' title='bbox 1282 741 1401 787; x_wconf 65' lang='grc' dir='ltr'><strong>ὄὲεν</strong></span> <span class='ocrx_word' id='word_1_60' title='bbox 1422 744 1564 805; x_wconf 79' lang='grc' dir='ltr'><em>σπέρ-</em></span> 
     </span>
     <span class='ocr_line' id='line_1_10' title="bbox 125 816 1563 885; baseline -0.001 -20"><span class='ocrx_word' id='word_1_61' title='bbox 125 836 285 879; x_wconf 86' lang='grc' dir='ltr'><em>ματος</em></span> <span class='ocrx_word' id='word_1_62' title='bbox 312 818 488 880; x_wconf 78' lang='grc' dir='ltr'><em>ἔχοντι</em></span> <span class='ocrx_word' id='word_1_63' title='bbox 512 818 656 885; x_wconf 72' lang='grc' dir='ltr'><em>ῥίζαν</em></span> <span class='ocrx_word' id='word_1_64' title='bbox 673 854 683 869; x_wconf 88' lang='grc'>,</span> <span class='ocrx_word' id='word_1_65' title='bbox 715 827 915 878; x_wconf 80' lang='lat' dir='ltr'><strong>egetque</strong></span> <span class='ocrx_word' id='word_1_66' title='bbox 932 827 1054 862; x_wconf 85' lang='lat' dir='ltr'><strong>certa</strong></span> <span class='ocrx_word' id='word_1_67' title='bbox 1072 816 1307 864; x_wconf 82' lang='lat' dir='ltr'><strong>relatione.</strong></span> <span class='ocrx_word' id='word_1_68' title='bbox 1374 817 1563 878; x_wconf 80' lang='lat' dir='ltr'><strong>Quanto</strong></span> 
     </span>
     <span class='ocr_line' id='line_1_11' title="bbox 124 896 1563 960; baseline 0.001 -18"><span class='ocrx_word' id='word_1_69' title='bbox 124 896 283 943; x_wconf 90' lang='lat' dir='ltr'><strong>fortius</strong></span> <span class='ocrx_word' id='word_1_70' title='bbox 307 908 351 942; x_wconf 93' lang='lat' dir='ltr'><strong>et</strong></span> <span class='ocrx_word' id='word_1_71' title='bbox 376 896 742 960; x_wconf 77' lang='lat' dir='ltr'><strong>magnificentius</strong></span> <span class='ocrx_word' id='word_1_72' title='bbox 769 907 857 954; x_wconf 89' lang='lat' dir='ltr'><strong>est,</strong></span> <span class='ocrx_word' id='word_1_73' title='bbox 893 901 928 942; x_wconf 86' lang='lat' dir='ltr'><strong>si</strong></span> <span class='ocrx_word' id='word_1_74' title='bbox 959 900 996 942; x_wconf 84' lang='grc' dir='ltr'>Τ</span> <span class='ocrx_word' id='word_1_75' title='bbox 1002 897 1117 944; x_wconf 86' lang='lat' dir='ltr'><strong>hero</strong></span> <span class='ocrx_word' id='word_1_76' title='bbox 1145 915 1249 944; x_wconf 85' lang='lat' dir='ltr'><strong>cum</strong></span> <span class='ocrx_word' id='word_1_77' title='bbox 1276 897 1563 946; x_wconf 86' lang='lat' dir='ltr'><strong>Thersandri</strong></span> 
     </span>
     <span class='ocr_line' id='line_1_12' title="bbox 125 979 1562 1044; baseline 0.001 -20"><span class='ocrx_word' id='word_1_78' title='bbox 125 979 352 1025; x_wconf 88' lang='lat' dir='ltr'><strong>memoria</strong></span> <span class='ocrx_word' id='word_1_79' title='bbox 376 979 689 1041; x_wconf 85' lang='lat' dir='ltr'><strong>conjungitur,</strong></span> <span class='ocrx_word' id='word_1_80' title='bbox 727 979 869 1040; x_wconf 85' lang='lat' dir='ltr'><strong>eique</strong></span> <span class='ocrx_word' id='word_1_81' title='bbox 895 990 1192 1042; x_wconf 78' lang='lat' dir='ltr'><strong>comparatur</strong></span> <span class='ocrx_word' id='word_1_82' title='bbox 1216 990 1452 1044; x_wconf 83' lang='lat' dir='ltr'><strong>tamquam</strong></span> <span class='ocrx_word' id='word_1_83' title='bbox 1477 997 1562 1044; x_wconf 84' lang='lat' dir='ltr'><strong>pa-</strong></span> 
     </span>
     <span class='ocr_line' id='line_1_13' title="bbox 125 1059 1139 1122; baseline 0.001 -18"><span class='ocrx_word' id='word_1_84' title='bbox 125 1061 234 1106; x_wconf 88' lang='lat' dir='ltr'><strong>riter</strong></span> <span class='ocrx_word' id='word_1_85' title='bbox 255 1070 398 1122; x_wconf 87' lang='lat' dir='ltr'><strong>atque</strong></span> <span class='ocrx_word' id='word_1_86' title='bbox 424 1059 502 1105; x_wconf 89' lang='lat' dir='ltr'><strong>ille</strong></span> <span class='ocrx_word' id='word_1_87' title='bbox 532 1067 580 1108; x_wconf 76' lang='grc' dir='ltr'><strong>ἐν</strong></span> <span class='ocrx_word' id='word_1_88' title='bbox 615 1064 820 1113; x_wconf 53' lang='grc' dir='ltr'><em>ἀέθλοις</em></span> <span class='ocrx_word' id='word_1_89' title='bbox 851 1064 1139 1121; x_wconf 78' lang='grc' dir='ltr'><em>τιμώμενος,</em></span> 
     </span>
    </p>

    <p class='ocr_par' dir='ltr' id='par_1_3' title="bbox 123 1139 1565 2660">
     <span class='ocr_line' id='line_1_14' title="bbox 223 1139 1565 1208; baseline 0.003 -23"><span class='ocrx_word' id='word_1_90' title='bbox 223 1143 298 1186; x_wconf 74' lang='lat'><strong>57.</strong></span> <span class='ocrx_word' id='word_1_91' title='bbox 344 1139 704 1207; x_wconf 74' lang='grc' dir='ltr'><em>δυσφροσύναν</em></span> <span class='ocrx_word' id='word_1_92' title='bbox 745 1145 1006 1202; x_wconf 76' lang='grc' dir='ltr'><strong><em>παραλύει.</em></strong></span> <span class='ocrx_word' id='word_1_93' title='bbox 1088 1142 1164 1185; x_wconf 82' lang='grc'><strong>61.</strong></span> <span class='ocrx_word' id='word_1_94' title='bbox 1211 1145 1372 1204; x_wconf 78' lang='grc' dir='ltr'><em>ἀστὴρ</em></span> <span class='ocrx_word' id='word_1_95' title='bbox 1399 1143 1565 1208; x_wconf 60' lang='grc' dir='ltr'><em>ἀρίζηι</em></span> 
     </span>
     <span class='ocr_line' id='line_1_15' title="bbox 128 1219 1563 1283; baseline -0.001 -16"><span class='ocrx_word' id='word_1_96' title='bbox 128 1226 238 1276; x_wconf 84' lang='grc' dir='ltr'><em>λος,</em></span> <span class='ocrx_word' id='word_1_97' title='bbox 276 1225 615 1279; x_wconf 70' lang='grc' dir='ltr'><em>ε’τυμώτατον.</em></span> <span class='ocrx_word' id='word_1_98' title='bbox 683 1219 775 1266; x_wconf 83' lang='lat' dir='ltr'><strong>Pal.</strong></span> <span class='ocrx_word' id='word_1_99' title='bbox 802 1222 900 1266; x_wconf 74' lang='lat'><strong>356</strong></span> <span class='ocrx_word' id='word_1_100' title='bbox 929 1219 1022 1266; x_wconf 83' lang='lat' dir='ltr'><strong>hoc</strong></span> <span class='ocrx_word' id='word_1_101' title='bbox 1046 1220 1358 1283; x_wconf 84' lang='lat' dir='ltr'><strong>fragmentum</strong></span> <span class='ocrx_word' id='word_1_102' title='bbox 1389 1239 1444 1268; x_wconf 82' lang='lat' dir='ltr'><strong>ex</strong></span> <span class='ocrx_word' id='word_1_103' title='bbox 1467 1239 1563 1267; x_wconf 92' lang='lat' dir='ltr'><strong>no-</strong></span> 
     </span>
     <span class='ocr_line' id='line_1_16' title="bbox 123 1299 1563 1370; baseline 0.003 -24"><span class='ocrx_word' id='word_1_104' title='bbox 123 1311 219 1346; x_wconf 84' lang='lat' dir='ltr'><strong>stro</strong></span> <span class='ocrx_word' id='word_1_105' title='bbox 248 1303 452 1346; x_wconf 77' lang='lat' dir='ltr'><strong>carmine</strong></span> <span class='ocrx_word' id='word_1_106' title='bbox 483 1299 654 1346; x_wconf 85' lang='lat' dir='ltr'><strong>habet:</strong></span> <span class='ocrx_word' id='word_1_107' title='bbox 699 1305 1039 1368; x_wconf 75' lang='grc' dir='ltr'><em>ἐτυμώτερον,</em></span> <span class='ocrx_word' id='word_1_108' title='bbox 1085 1301 1226 1368; x_wconf 72' lang='grc' dir='ltr'><em>ἀνδρὶ</em></span> <span class='ocrx_word' id='word_1_109' title='bbox 1263 1309 1472 1370; x_wconf 71' lang='grc' dir='ltr'><em>φέγγος,</em></span> <span class='ocrx_word' id='word_1_110' title='bbox 1520 1307 1563 1351; x_wconf 81' lang='grc' dir='ltr'><strong>εἰ</strong></span> 
     </span>
     <span class='ocr_line' id='line_1_17' title="bbox 124 1380 1560 1448; baseline -0.001 -19"><span class='ocrx_word' id='word_1_111' title='bbox 124 1380 177 1430; x_wconf 80' lang='grc' dir='ltr'><strong>δέ</strong></span> <span class='ocrx_word' id='word_1_112' title='bbox 203 1402 289 1443; x_wconf 87' lang='grc' dir='ltr'><strong>μιν</strong></span> <span class='ocrx_word' id='word_1_113' title='bbox 321 1382 446 1445; x_wconf 81' lang='grc' dir='ltr'><em>ἔχων</em></span> <span class='ocrx_word' id='word_1_114' title='bbox 473 1401 550 1436; x_wconf 84' lang='grc' dir='ltr'><strong>τις</strong></span> <span class='ocrx_word' id='word_1_115' title='bbox 574 1380 675 1428; x_wconf 79' lang='grc' dir='ltr'><em>οἶδε</em></span> <span class='ocrx_word' id='word_1_116' title='bbox 703 1386 762 1430; x_wconf 82' lang='grc' dir='ltr'><strong>τὸ</strong></span> <span class='ocrx_word' id='word_1_117' title='bbox 791 1387 987 1442; x_wconf 78' lang='grc' dir='ltr'><em>μέλλον.</em></span> <span class='ocrx_word' id='word_1_118' title='bbox 1054 1385 1204 1428; x_wconf 84' lang='lat' dir='ltr'><strong>Etiam</strong></span> <span class='ocrx_word' id='word_1_119' title='bbox 1235 1383 1324 1430; x_wconf 80' lang='lat' dir='ltr'><strong>Pal.</strong></span> <span class='ocrx_word' id='word_1_120' title='bbox 1349 1385 1411 1427; x_wconf 74' lang='lat'><strong>40</strong></span> <span class='ocrx_word' id='word_1_121' title='bbox 1434 1384 1560 1448; x_wconf 79' lang='grc' dir='ltr'><strong>ἔχων</strong></span> 
     </span>
     <span class='ocr_line' id='line_1_18' title="bbox 125 1461 1563 1528; baseline 0 -19"><span class='ocrx_word' id='word_1_122' title='bbox 125 1474 169 1509; x_wconf 90' lang='lat' dir='ltr'><strong>et</strong></span> <span class='ocrx_word' id='word_1_123' title='bbox 192 1461 305 1510; x_wconf 78' lang='grc' dir='ltr'><em>οἶδε.</em></span> <span class='ocrx_word' id='word_1_124' title='bbox 374 1464 660 1507; x_wconf 81' lang='lat' dir='ltr'><strong>Hermannus</strong></span> <span class='ocrx_word' id='word_1_125' title='bbox 692 1461 810 1508; x_wconf 85' lang='lat' dir='ltr'><strong>hanc</strong></span> <span class='ocrx_word' id='word_1_126' title='bbox 839 1464 1227 1508; x_wconf 68' lang='lat' dir='ltr'><strong>constructionem</strong></span> <span class='ocrx_word' id='word_1_127' title='bbox 1252 1480 1339 1526; x_wconf 85' lang='lat' dir='ltr'><strong>per</strong></span> <span class='ocrx_word' id='word_1_128' title='bbox 1361 1465 1563 1528; x_wconf 82' lang='lat' dir='ltr'><strong>aposio—</strong></span> 
     </span>
     <span class='ocr_line' id='line_1_19' title="bbox 123 1542 1563 1610; baseline -0.001 -20"><span class='ocrx_word' id='word_1_129' title='bbox 123 1546 254 1610; x_wconf 85' lang='lat' dir='ltr'><strong>pesin</strong></span> <span class='ocrx_word' id='word_1_130' title='bbox 275 1542 548 1607; x_wconf 85' lang='lat' dir='ltr'><strong>apodoseos</strong></span> <span class='ocrx_word' id='word_1_131' title='bbox 566 1542 785 1605; x_wconf 83' lang='lat' dir='ltr'><strong>explicat:</strong></span> <span class='ocrx_word' id='word_1_132' title='bbox 829 1545 897 1589; x_wconf 83' lang='lat' dir='ltr'><strong>»si</strong></span> <span class='ocrx_word' id='word_1_133' title='bbox 919 1545 1018 1605; x_wconf 84' lang='lat' dir='ltr'><strong>quis</strong></span> <span class='ocrx_word' id='word_1_134' title='bbox 1039 1559 1156 1609; x_wconf 78' lang='lat' dir='ltr'><strong>opes</strong></span> <span class='ocrx_word' id='word_1_135' title='bbox 1176 1543 1414 1589; x_wconf 85' lang='lat' dir='ltr'><strong>virtutibus</strong></span> <span class='ocrx_word' id='word_1_136' title='bbox 1434 1554 1563 1588; x_wconf 88' lang='lat' dir='ltr'><strong>tem-</strong></span> 
     </span>
     <span class='ocr_line' id='line_1_20' title="bbox 124 1622 1562 1690; baseline -0.001 -20"><span class='ocrx_word' id='word_1_137' title='bbox 124 1635 307 1690; x_wconf 80' lang='lat' dir='ltr'><strong>peratas</strong></span> <span class='ocrx_word' id='word_1_138' title='bbox 335 1622 582 1689; x_wconf 88' lang='lat' dir='ltr'><strong>possidens</strong></span> <span class='ocrx_word' id='word_1_139' title='bbox 612 1634 784 1669; x_wconf 84' lang='lat' dir='ltr'><strong>sortem</strong></span> <span class='ocrx_word' id='word_1_140' title='bbox 812 1624 1009 1670; x_wconf 87' lang='lat' dir='ltr'><strong>intuetur</strong></span> <span class='ocrx_word' id='word_1_141' title='bbox 1035 1641 1226 1681; x_wconf 91' lang='lat' dir='ltr'><strong>eorum,</strong></span> <span class='ocrx_word' id='word_1_142' title='bbox 1263 1626 1339 1686; x_wconf 85' lang='lat' dir='ltr'><strong>qui</strong></span> <span class='ocrx_word' id='word_1_143' title='bbox 1368 1628 1562 1687; x_wconf 76' lang='lat' dir='ltr'><strong>prepter</strong></span> 
     </span>
     <span class='ocr_line' id='line_1_21' title="bbox 123 1703 1561 1762; baseline -0.001 -11"><span class='ocrx_word' id='word_1_144' title='bbox 123 1705 247 1752; x_wconf 89' lang='lat' dir='ltr'><strong>hene</strong></span> <span class='ocrx_word' id='word_1_145' title='bbox 277 1705 394 1751; x_wconf 87' lang='lat' dir='ltr'><strong>facta</strong></span> <span class='ocrx_word' id='word_1_146' title='bbox 427 1704 513 1750; x_wconf 81' lang='lat' dir='ltr'><strong>diis</strong></span> <span class='ocrx_word' id='word_1_147' title='bbox 542 1706 635 1750; x_wconf 86' lang='lat' dir='ltr'><strong>cari</strong></span> <span class='ocrx_word' id='word_1_148' title='bbox 669 1715 797 1762; x_wconf 84' lang='lat' dir='ltr'><strong>sunt,</strong></span> <span class='ocrx_word' id='word_1_149' title='bbox 842 1705 879 1750; x_wconf 89' lang='lat' dir='ltr'><strong>is</strong></span> <span class='ocrx_word' id='word_1_150' title='bbox 906 1706 962 1750; x_wconf 90' lang='lat' dir='ltr'><strong>ita</strong></span> <span class='ocrx_word' id='word_1_151' title='bbox 996 1704 1165 1751; x_wconf 86' lang='lat' dir='ltr'><strong>divitiis</strong></span> <span class='ocrx_word' id='word_1_152' title='bbox 1194 1706 1349 1761; x_wconf 86' lang='lat' dir='ltr'><strong>utitur,</strong></span> <span class='ocrx_word' id='word_1_153' title='bbox 1396 1715 1441 1749; x_wconf 87' lang='lat' dir='ltr'><strong>ut</strong></span> <span class='ocrx_word' id='word_1_154' title='bbox 1482 1703 1561 1750; x_wconf 86' lang='lat' dir='ltr'><strong>hic</strong></span> 
     </span>
     <span class='ocr_line' id='line_1_22' title="bbox 125 1784 1563 1850; baseline -0.001 -19"><span class='ocrx_word' id='word_1_155' title='bbox 125 1785 298 1833; x_wconf 85' lang='lat' dir='ltr'><strong>Thero.</strong></span> <span class='ocrx_word' id='word_1_156' title='bbox 317 1805 337 1828; x_wconf 76' lang='grc' dir='ltr'><strong>(ι</strong></span> <span class='ocrx_word' id='word_1_157' title='bbox 409 1788 528 1832; x_wconf 80' lang='lat' dir='ltr'><strong>Sane</strong></span> <span class='ocrx_word' id='word_1_158' title='bbox 552 1784 682 1831; x_wconf 89' lang='lat' dir='ltr'><strong>deest</strong></span> <span class='ocrx_word' id='word_1_159' title='bbox 703 1787 1001 1847; x_wconf 85' lang='lat' dir='ltr'><strong>grammatica</strong></span> <span class='ocrx_word' id='word_1_160' title='bbox 1023 1785 1270 1850; x_wconf 79' lang='lat' dir='ltr'><strong>apodosis3</strong></span> <span class='ocrx_word' id='word_1_161' title='bbox 1301 1784 1427 1848; x_wconf 91' lang='lat' dir='ltr'><strong>quod</strong></span> <span class='ocrx_word' id='word_1_162' title='bbox 1449 1801 1563 1831; x_wconf 91' lang='lat' dir='ltr'><strong>sen-</strong></span> 
     </span>
     <span class='ocr_line' id='line_1_23' title="bbox 126 1865 1562 1931; baseline 0.002 -20"><span class='ocrx_word' id='word_1_163' title='bbox 126 1868 261 1912; x_wconf 65' lang='lat' dir='ltr'><strong>tentia</strong></span> <span class='ocrx_word' id='word_1_164' title='bbox 284 1865 592 1931; x_wconf 84' lang='lat' dir='ltr'><strong>respondeat,</strong></span> <span class='ocrx_word' id='word_1_165' title='bbox 627 1882 722 1910; x_wconf 86' lang='lat' dir='ltr'><strong>non</strong></span> <span class='ocrx_word' id='word_1_166' title='bbox 748 1865 902 1910; x_wconf 87' lang='lat' dir='ltr'><strong>deest:</strong></span> <span class='ocrx_word' id='word_1_167' title='bbox 948 1865 1055 1911; x_wconf 83' lang='lat' dir='ltr'><strong>latet</strong></span> <span class='ocrx_word' id='word_1_168' title='bbox 1079 1868 1123 1911; x_wconf 87' lang='lat' dir='ltr'><strong>in</strong></span> <span class='ocrx_word' id='word_1_169' title='bbox 1151 1866 1306 1912; x_wconf 91' lang='lat' dir='ltr'><strong>verbis</strong></span> <span class='ocrx_word' id='word_1_170' title='bbox 1341 1866 1562 1914; x_wconf 82' lang='grc' dir='ltr'><em>αὐδάσο-</em></span> 
     </span>
     <span class='ocr_line' id='line_1_24' title="bbox 125 1944 1560 2011; baseline 0.001 -22"><span class='ocrx_word' id='word_1_171' title='bbox 125 1967 212 2007; x_wconf 72' lang='grc' dir='ltr'><strong>μεν</strong></span> <span class='ocrx_word' id='word_1_172' title='bbox 233 1972 300 1981; x_wconf 92' lang='grc'><strong>-</strong></span> <span class='ocrx_word' id='word_1_173' title='bbox 320 1953 558 2011; x_wconf 69' lang='grc' dir='ltr'><strong>Θήρωνος.</strong></span> <span class='ocrx_word' id='word_1_174' title='bbox 626 1944 782 1990; x_wconf 86' lang='lat' dir='ltr'><strong>Simile</strong></span> <span class='ocrx_word' id='word_1_175' title='bbox 808 1955 876 1991; x_wconf 92' lang='lat' dir='ltr'><strong>est</strong></span> <span class='ocrx_word' id='word_1_176' title='bbox 900 1947 1180 2008; x_wconf 82' lang='lat' dir='ltr'><strong>principium</strong></span> <span class='ocrx_word' id='word_1_177' title='bbox 1205 1945 1389 2008; x_wconf 83' lang='lat' dir='ltr'><strong>Pythiae</strong></span> <span class='ocrx_word' id='word_1_178' title='bbox 1422 1949 1463 2003; x_wconf 90' lang='lat' dir='ltr'><strong>I,</strong></span> <span class='ocrx_word' id='word_1_179' title='bbox 1499 1946 1560 1992; x_wconf 91' lang='lat' dir='ltr'><strong>de</strong></span> 
     </span>
     <span class='ocr_line' id='line_1_25' title="bbox 125 2024 1562 2089; baseline 0.001 -18"><span class='ocrx_word' id='word_1_180' title='bbox 125 2043 218 2089; x_wconf 90' lang='lat' dir='ltr'><strong>quo</strong></span> <span class='ocrx_word' id='word_1_181' title='bbox 240 2026 349 2072; x_wconf 91' lang='lat' dir='ltr'><strong>vide</strong></span> <span class='ocrx_word' id='word_1_182' title='bbox 372 2027 559 2089; x_wconf 82' lang='lat' dir='ltr'><strong>egregie</strong></span> <span class='ocrx_word' id='word_1_183' title='bbox 584 2024 885 2086; x_wconf 87' lang='lat' dir='ltr'><strong>disputantem</strong></span> <span class='ocrx_word' id='word_1_184' title='bbox 904 2029 1240 2084; x_wconf 87' lang='lat' dir='ltr'><strong>Hermannum,</strong></span> <span class='ocrx_word' id='word_1_185' title='bbox 1276 2030 1444 2089; x_wconf 84' lang='lat' dir='ltr'><strong>Opusc.</strong></span> <span class='ocrx_word' id='word_1_186' title='bbox 1464 2028 1562 2084; x_wconf 90' lang='lat' dir='ltr'><strong>Vll,</strong></span> 
     </span>
     <span class='ocr_line' id='line_1_26' title="bbox 125 2104 1559 2170; baseline 0.002 -18"><span class='ocrx_word' id='word_1_187' title='bbox 125 2108 233 2152; x_wconf 84' lang='lat'>112.</span> <span class='ocrx_word' id='word_1_188' title='bbox 311 2108 368 2152; x_wconf 91' lang='lat' dir='ltr'><strong>Ut</strong></span> <span class='ocrx_word' id='word_1_189' title='bbox 394 2105 512 2162; x_wconf 84' lang='lat' dir='ltr'><strong>illic,</strong></span> <span class='ocrx_word' id='word_1_190' title='bbox 546 2104 691 2167; x_wconf 86' lang='lat' dir='ltr'><strong>lyrica</strong></span> <span class='ocrx_word' id='word_1_191' title='bbox 721 2104 924 2168; x_wconf 78' lang='lat' dir='ltr'><strong>quadam</strong></span> <span class='ocrx_word' id='word_1_192' title='bbox 955 2105 1174 2163; x_wconf 80' lang='lat' dir='ltr'><strong>audacia,</strong></span> <span class='ocrx_word' id='word_1_193' title='bbox 1209 2124 1302 2152; x_wconf 89' lang='lat' dir='ltr'><strong>non</strong></span> <span class='ocrx_word' id='word_1_194' title='bbox 1327 2107 1461 2170; x_wconf 85' lang='lat' dir='ltr'><strong>jubet</strong></span> <span class='ocrx_word' id='word_1_195' title='bbox 1493 2125 1559 2155; x_wconf 90' lang='lat' dir='ltr'><strong>vs.</strong></span> 
     </span>
     <span class='ocr_line' id='line_1_27' title="bbox 124 2185 1561 2250; baseline 0 -16"><span class='ocrx_word' id='word_1_196' title='bbox 124 2189 200 2234; x_wconf 85' lang='lat'><strong>29.</strong></span> <span class='ocrx_word' id='word_1_197' title='bbox 234 2197 375 2250; x_wconf 87' lang='lat' dir='ltr'><strong>poeta</strong></span> <span class='ocrx_word' id='word_1_198' title='bbox 408 2185 632 2232; x_wconf 85' lang='lat' dir='ltr'><strong>citharam</strong></span> <span class='ocrx_word' id='word_1_199' title='bbox 663 2188 708 2231; x_wconf 85' lang='lat' dir='ltr'><strong>iu</strong></span> <span class='ocrx_word' id='word_1_200' title='bbox 737 2185 966 2232; x_wconf 86' lang='lat' dir='ltr'><strong>honorem</strong></span> <span class='ocrx_word' id='word_1_201' title='bbox 996 2189 1124 2233; x_wconf 88' lang='lat' dir='ltr'><strong>Jovis</strong></span> <span class='ocrx_word' id='word_1_202' title='bbox 1151 2189 1341 2233; x_wconf 80' lang='lat' dir='ltr'><strong>Aetnaei</strong></span> <span class='ocrx_word' id='word_1_203' title='bbox 1373 2205 1561 2245; x_wconf 85' lang='lat' dir='ltr'><strong>canere,</strong></span> 
     </span>
     <span class='ocr_line' id='line_1_28' title="bbox 127 2268 1561 2332; baseline 0.001 -18"><span class='ocrx_word' id='word_1_204' title='bbox 127 2269 207 2314; x_wconf 87' lang='lat' dir='ltr'><strong>etsi</strong></span> <span class='ocrx_word' id='word_1_205' title='bbox 235 2269 468 2314; x_wconf 86' lang='lat' dir='ltr'><strong>invocavit</strong></span> <span class='ocrx_word' id='word_1_206' title='bbox 496 2284 599 2314; x_wconf 86' lang='lat' dir='ltr'><strong>eam</strong></span> <span class='ocrx_word' id='word_1_207' title='bbox 627 2268 791 2332; x_wconf 87' lang='lat' dir='ltr'><strong>primis</strong></span> <span class='ocrx_word' id='word_1_208' title='bbox 820 2268 1002 2325; x_wconf 85' lang='lat' dir='ltr'><strong>verbis,</strong></span> <span class='ocrx_word' id='word_1_209' title='bbox 1037 2271 1102 2314; x_wconf 81' lang='lat' dir='ltr'><strong>sic</strong></span> <span class='ocrx_word' id='word_1_210' title='bbox 1129 2280 1285 2314; x_wconf 87' lang='lat' dir='ltr'><strong>nostro</strong></span> <span class='ocrx_word' id='word_1_211' title='bbox 1313 2268 1421 2315; x_wconf 88' lang='lat' dir='ltr'><strong>loco</strong></span> <span class='ocrx_word' id='word_1_212' title='bbox 1453 2279 1561 2332; x_wconf 87' lang='lat' dir='ltr'><strong>post</strong></span> 
     </span>
     <span class='ocr_line' id='line_1_29' title="bbox 126 2347 1561 2413; baseline 0.003 -21"><span class='ocrx_word' id='word_1_213' title='bbox 126 2347 314 2410; x_wconf 85' lang='lat' dir='ltr'><strong>longam</strong></span> <span class='ocrx_word' id='word_1_214' title='bbox 344 2347 641 2413; x_wconf 86' lang='lat' dir='ltr'><strong>parenthesin</strong></span> <span class='ocrx_word' id='word_1_215' title='bbox 668 2350 855 2394; x_wconf 86' lang='lat' dir='ltr'><strong>revertit</strong></span> <span class='ocrx_word' id='word_1_216' title='bbox 884 2348 1081 2410; x_wconf 85' lang='lat' dir='ltr'><strong>quidem</strong></span> <span class='ocrx_word' id='word_1_217' title='bbox 1113 2349 1175 2395; x_wconf 88' lang='lat' dir='ltr'><strong>ad</strong></span> <span class='ocrx_word' id='word_1_218' title='bbox 1200 2349 1273 2403; x_wconf 85' lang='lat' dir='ltr'><strong>id,</strong></span> <span class='ocrx_word' id='word_1_219' title='bbox 1311 2349 1439 2412; x_wconf 85' lang='lat' dir='ltr'><strong>quod</strong></span> <span class='ocrx_word' id='word_1_220' title='bbox 1468 2368 1561 2398; x_wconf 87' lang='lat' dir='ltr'><strong>vo-</strong></span> 
     </span>
     <span class='ocr_line' id='line_1_30' title="bbox 125 2427 1560 2485; baseline 0.002 -12"><span class='ocrx_word' id='word_1_221' title='bbox 125 2427 269 2473; x_wconf 87' lang='lat' dir='ltr'><strong>luerat</strong></span> <span class='ocrx_word' id='word_1_222' title='bbox 293 2428 467 2484; x_wconf 88' lang='lat' dir='ltr'><strong>dicere,</strong></span> <span class='ocrx_word' id='word_1_223' title='bbox 499 2431 661 2475; x_wconf 85' lang='lat' dir='ltr'><strong>tectius</strong></span> <span class='ocrx_word' id='word_1_224' title='bbox 692 2439 844 2474; x_wconf 80' lang='lat' dir='ltr'><strong>tamen</strong></span> <span class='ocrx_word' id='word_1_225' title='bbox 874 2446 957 2474; x_wconf 89' lang='lat' dir='ltr'><strong>nec</strong></span> <span class='ocrx_word' id='word_1_226' title='bbox 985 2431 1131 2476; x_wconf 82' lang='lat' dir='ltr'><strong>cuivis</strong></span> <span class='ocrx_word' id='word_1_227' title='bbox 1164 2439 1392 2485; x_wconf 76' lang='grc' dir='ltr'><strong><em>συνετῶς.</em></strong></span> <span class='ocrx_word' id='word_1_228' title='bbox 1462 2433 1560 2477; x_wconf 90' lang='lat' dir='ltr'><strong>Ce—</strong></span> 
     </span>
     <span class='ocr_line' id='line_1_31' title="bbox 127 2508 1560 2571; baseline 0.002 -17"><span class='ocrx_word' id='word_1_229' title='bbox 127 2519 279 2555; x_wconf 90' lang='lat' dir='ltr'><strong>terum</strong></span> <span class='ocrx_word' id='word_1_230' title='bbox 311 2529 396 2571; x_wconf 75' lang='grc' dir='ltr'><strong>μιιι</strong></span> <span class='ocrx_word' id='word_1_231' title='bbox 435 2508 494 2554; x_wconf 84' lang='lat' dir='ltr'><strong>ad</strong></span> <span class='ocrx_word' id='word_1_232' title='bbox 528 2509 680 2556; x_wconf 87' lang='lat' dir='ltr'><strong>solum</strong></span> <span class='ocrx_word' id='word_1_233' title='bbox 722 2514 944 2558; x_wconf 82' lang='grc' dir='ltr'><em>πλοῦτον</em></span> <span class='ocrx_word' id='word_1_234' title='bbox 985 2510 1162 2568; x_wconf 84' lang='lat' dir='ltr'><strong>refero,</strong></span> <span class='ocrx_word' id='word_1_235' title='bbox 1205 2529 1298 2557; x_wconf 86' lang='lat' dir='ltr'><strong>non</strong></span> <span class='ocrx_word' id='word_1_236' title='bbox 1328 2514 1461 2559; x_wconf 84' lang='lat' dir='ltr'><strong>etiarn</strong></span> <span class='ocrx_word' id='word_1_237' title='bbox 1501 2510 1560 2558; x_wconf 86' lang='lat' dir='ltr'><strong>ad</strong></span> 
     </span>
     <span class='ocr_line' id='line_1_32' title="bbox 127 2588 1560 2660; baseline 0 -20"><span class='ocrx_word' id='word_1_238' title='bbox 127 2594 353 2640; x_wconf 82' lang='grc' dir='ltr'><em>πλοῦτον</em></span> <span class='ocrx_word' id='word_1_239' title='bbox 390 2595 588 2659; x_wconf 72' lang='grc' dir='ltr'><em>ἀρεταῖς</em></span> <span class='ocrx_word' id='word_1_240' title='bbox 623 2588 1021 2652; x_wconf 69' lang='grc' dir='ltr'><em>δεδαιδαλμένυν.</em></span> <span class='ocrx_word' id='word_1_241' title='bbox 1104 2594 1203 2639; x_wconf 87' lang='lat' dir='ltr'><strong>Hae</strong></span> <span class='ocrx_word' id='word_1_242' title='bbox 1231 2594 1353 2639; x_wconf 87' lang='lat' dir='ltr'><strong>enim</strong></span> <span class='ocrx_word' id='word_1_243' title='bbox 1387 2597 1560 2660; x_wconf 77' lang='grc' dir='ltr'><em>ἀρεταὶ</em></span> 
     </span>
    </p>
   </div>
  </div>
 </body>
</html>
