1726 2912
1466 35 1529 80 65

186 161 227 205 1.
267 164 509 220 ἀγυιᾶτις.
577 161 620 204 2.
669 164 751 208 ὶνὼ
782 160 861 215 δὲ,
899 159 1029 223 quod
1057 176 1149 206 non
1178 172 1247 207 est
1274 177 1358 208 cur
1383 177 1525 225 sper·-

82 256 275 297 namus,
319 243 413 302 jam
449 257 473 285 a
508 239 759 287 scholiasta
793 240 992 299 lectum,
1026 241 1284 289 scribente:
1328 244 1362 292 (3
1395 245 1523 295 Κάδ·

81 340 180 382 μου
213 326 386 387 κόραι,
426 326 610 382 Σεμέλη
642 326 728 383 μὲν
759 331 857 371 τῶν
884 326 1163 383 Ὀλυμπίων
1197 329 1322 374 θεῶν
1352 333 1525 375 ‹ruvon-

84 419 156 457 κε,
185 404 284 448 Ἰνὼ
312 400 363 449 δὲ
394 408 486 450 τῶν
509 400 784 468 Νηρηΐδων,
814 405 1153 469 παραγίνεσθε
1185 410 1283 453 κτὲ.
1356 405 1416 451 ib.
1446 428 1522 463 νη-

81 479 263 547 ρεΐδων.
335 483 376 526 4.
412 487 476 535 εἰς
508 482 594 530 ἅδ’.
631 492 672 527 et
703 493 817 548 παρ’
843 505 879 544 μ
962 484 1007 528 6.
1047 488 1302 544 ὶσμήνειον
1332 495 1375 530 et
1403 505 1522 548 μαν-

13 601 15 604 .
81 562 239 610 τείων.
309 564 351 608 7.
385 567 468 612 καὶ
494 572 596 611 νῦν.
667 566 710 609 S.
739 570 961 626 συνέμεν.
1030 564 1090 609 ib.
1119 570 1379 633 ὀμηγυρέα.
1449 568 1523 612 10.

82 641 334 699 κελαδῆτε.
425 646 497 688 13.
547 645 773 707 ἔμνασεν.
843 644 1101 690 Scholiasta
1137 655 1352 706 auctore,
1390 645 1521 709 apud

82 739 226 785 quem
253 722 448 786 legitur:
485 731 534 771 ἐν
557 734 661 780 τοῖς
682 728 897 780 Πυθίοις
917 730 1158 787 ἀνέμνησε
1179 731 1269 782 τὴν
1283 727 1520 795 πατρῴαν

81 805 256 852 ἑστίαν
297 812 396 852 τῶν
432 813 577 854 νικῶν
610 810 891 870 ἐπιβάλλων
932 813 1063 874 αὐτῇ
1100 812 1190 855 τὸν
1228 813 1519 877 στέφανον,

8 936 14 957 s
80 886 369 950 reposuerim
418 888 648 946 (ἔμνασεν
686 890 863 935 ἑστίαν
904 889 1080 954 τρίτον
1126 891 1204 934 ἐπὶ
1255 894 1519 957 στέφανον

79 968 243 1026 βαλὼν
273 994 336 1000 —-
366 975 524 1015 νικᾶν.
608 969 817 1013 Domum
852 983 981 1013 suam
1019 970 1313 1015 victoriarum
1345 968 1520 1016 admo-

81 1048 197 1096 nuit.
246 1065 363 1110 quae
400 1047 510 1093 olim
542 1047 777 1093 matricida
811 1051 994 1093 Orestes
1029 1049 1072 1093 in
1106 1051 1285 1113 campis
1317 1049 1521 1111 Pyladae

80 1131 337 1191 reportavit
369 1129 516 1173 amici.
586 1128 756 1173 Habuit
790 1130 925 1191 igitur
953 1127 1280 1190 Thrasydaeus
1318 1131 1519 1193 ejusque

79 1207 251 1253 familia
277 1207 449 1271 aliquid
471 1226 573 1254 cum
596 1207 865 1254 Atridarum
891 1208 993 1254 fatis
1017 1209 1362 1271 comparabile,
1389 1209 1519 1273 quod

6 1332 13 1340 ,
80 1299 218 1350 poeta
244 1290 423 1335 mavult
446 1290 730 1353 significare,
761 1307 901 1353 quam
926 1289 1106 1337 disertis
1131 1291 1287 1337 verbis
1313 1290 1485 1353 eloqui.

180 1372 256 1416 14.
282 1377 642 1439 ἐπιστέφανον.
670 1373 746 1416 Sic.
795 1374 868 1416 IS.
894 1380 1058 1439 χεροῖν.
1109 1374 1186 1418 20.
1212 1370 1517 1437 κασάνδραν.

79 1453 308 1515 Apertum
343 1451 575 1515 glossema
615 1471 667 1500 ex
700 1455 885 1500 metrica
923 1455 1263 1499 constructione
1304 1453 1518 1499 carminis

80 1531 259 1577 sustulit
285 1534 604 1590 Hermannus,
649 1533 856 1580 scribens
887 1538 1226 1595 οἰκτρότατα,
1266 1543 1313 1579 ut
1345 1549 1410 1579 vs.
1439 1534 1518 1580 25.

79 1618 290 1675 ἐννύχια
321 1620 543 1682 πάραγον
575 1623 866 1679 notuimus:
898 1617 929 1664 o'*
957 1614 1007 1664 δὲ
1036 1634 1077 1661 ν.
1114 1621 1161 1663 ὰ.
1200 1629 1263 1659 vs.
1287 1615 1363 1659 36.
1397 1616 1519 1662 Δελ-

79 1698 180 1760 φὸν
211 1701 305 1743 ὑπὸ
337 1697 478 1744 πόδα.
561 1698 638 1743 53.
690 1701 787 1746 ἀνὰ
820 1701 968 1747 πόλιν
1010 1706 1052 1741 et
1083 1698 1159 1741 57.
1195 1698 1410 1757 μέλανος
1443 1695 1519 1742 ἂν.

10 1789 13 1797 ’
80 1779 334 1837 ἐσχατιὰν
367 1779 609 1826 καλλίονα
638 1785 870 1826 θανάτου
902 1782 1115 1825 ταύταν.

176 1858 252 1901 21.
290 1859 545 1923 πόρευσεν.
614 1860 678 1902 23
729 1858 894 1906 ἔκνισε
920 1866 962 1902 et
988 1857 1125 1925 ὦρσε.
1195 1857 1270 1901 24.
1308 1853 1518 1916 δαμαλι·

11 1950 13 1952 “
80 1937 309 1998 ζομέναν.
380 1939 457 1982 26.
482 1943 761 2002 ἀμήχανον.
830 1940 905 1982 30.
935 1939 1157 2004 ἄφατον.
1225 1939 1302 1982 31.
1326 1940 1447 1984 θάνε
1475 1944 1519 1981 et

81 2018 321 2084 ἁτρείδας.
390 2021 466 2064 32.
501 2024 612 2068 ἱκὼν
697 2020 774 2065 35.
800 2025 885 2068 νέα
912 2023 1128 2086 κεφαλᾶ.
1196 2019 1273 2063 36.
1300 2034 1518 2080 παρνασ-

81 2105 192 2146 σοῦ.
272 2099 333 2145 ib.
378 2103 554 2166 χρόνω.
639 2102 715 2146 37.
759 2102 939 2164 ἔπεφνε
963 2106 1150 2166 μητέρα
1185 2109 1229 2144 et
1265 2098 1515 2160 αἴγιστον.

80 2180 157 2225 38.
193 2179 223 2237 ἥ
246 2184 288 2247 ρ’
316 2190 358 2227 et
388 2183 522 2249 φίλη.
605 2181 665 2227 ib.
711 2187 1054 2245 ἁμευσίπορον
1084 2177 1300 2247 τρίοδον.
1377 2179 1454 2223 39.
1488 2183 1516 2235 ἠ

80 2266 169 2322 μέν
201 2281 293 2316 τις.
361 2264 436 2308 40.
473 2268 557 2311 ὁτε
587 2283 743 2310 κατον
777 2263 865 2323 (sic
885 2262 982 2307 sine
1007 2263 1124 2314 acc.)
1156 2262 1373 2308 ἐναλίαν.
1440 2260 1520 2304 41.

83 2345 294 2389 συνέθευ
320 2348 573 2408 παρέχειν.
625 2346 912 2389 Hermannus
934 2340 1217 2404 jampridem
1244 2344 1517 2407 παρεχέμεν

82 2426 318 2476 συνέθευ,
355 2422 480 2484 quod
510 2423 700 2470 alterum
729 2423 840 2485 legit
865 2420 1116 2468 scholiasta
1146 2420 1376 2484 explicans
1408 2423 1520 2469 ὑπέ·

84 2521 231 2567 σχου.
302 2504 378 2549 42.
418 2505 550 2551 ἄλλα
580 2509 668 2571 χρὴ
700 2525 744 2552 τ.
815 2505 890 2548 44.
922 2510 1025 2551 νῦν.

182 2585 257 2627 46.
292 2600 382 2629 om.
406 2589 469 2631 ἐν.
547 2587 623 2630 48.
672 2587 897 2647 ὀλυμπία
921 2592 978 2632 τ’,
1047 2581 1213 2628 Scribo
1241 2583 1516 2645 ὀλυμπίας,

1096 2659 1126 2702 5
