1726 2912
1525 85 1556 128 5

117 207 274 270 Ξήρων
313 208 419 260 υἱὸς
455 206 798 268 αἱνεσιδάμου.
872 215 1061 255 τοῦτον
1099 211 1190 257 οὖν
1225 213 1317 259 τὸν
1352 214 1551 278 θήρωνα

115 288 372 351 τεθρίππῳ
410 291 714 345 νικήσαντα,
763 293 1064 350 ὑμνήσωμεν.
1135 294 1160 337 ὁ
1202 300 1316 345 νοῦς
1355 297 1547 340 αὐτῶν·

113 371 411 426 σεμνύνεται
443 371 530 430 μὲν
564 374 589 417 ὁ
620 373 928 432 ὀλυμπιακὸς
958 373 1083 432 ἀγὼν
1116 377 1185 420 τῶ
1212 369 1297 420 διί.
1367 377 1449 421 καὶ
1479 379 1550 422 τῶ

111 450 202 501 τὴν
227 450 387 512 ἀρχὴν
416 451 820 513 καταβεβληκότι
847 455 1057 518 ἡρακλεῖ.
1095 449 1237 500 οὐδὲν
1270 480 1331 487 -
1362 472 1545 512 νενικη-

112 531 238 576 κότι.
309 528 363 574 cf.
393 527 549 576 Sobel,
580 529 638 574 ad
661 544 726 575 vs.
747 531 789 575 8.

503 629 518 649 0

208 664 250 707 2.
281 662 634 724 κελαδήσωμεν,
702 665 745 707 3.
782 663 910 719 ἤτοι.

207 769 251 814 6.
286 770 447 814 retinet
472 776 761 832 γεγωνητέον
787 773 872 820 ὀπὶ
904 769 964 829 gl.
989 776 1236 833 ὑμνητέον
1262 777 1460 833 μολπῆ,
1496 777 1543 822 in

108 866 201 913 qua
231 848 537 912 explicatione
568 852 855 897 consentiunt
885 849 1172 898 scholiastae.
1248 857 1419 901 Fateor
1451 873 1545 903 non

109 929 323 993 placere,
362 929 488 989 quod
515 931 606 976 VV.
632 932 732 975 DD.
759 929 1073 993 probaverunt
1100 933 1217 982 ὄπιν
1249 933 1446 984 δίκαιον
1471 936 1542 992 ξέ-

105 1031 192 1060 νον
219 1010 317 1071 (vel
342 1013 517 1070 ξένων).
587 1011 790 1056 Dubium
818 1013 960 1069 enim,
992 1030 1103 1057 num
1130 1016 1274 1075 possit
1301 1015 1418 1064 ὄπιν
1450 1017 1544 1079 sig-

106 1091 288 1139 nificatu
321 1091 416 1138 hoc
454 1093 741 1138 reverentiae
779 1091 972 1138 deorum
1013 1094 1078 1138 sic
1113 1093 1326 1140 absolute
1362 1094 1543 1153 inferri,

106 1173 234 1219 nulla
259 1174 492 1219 mentione
515 1183 647 1219 antea
674 1173 871 1217 numinis
896 1172 1037 1229 facta,
1075 1172 1205 1234 qnod
1234 1172 1422 1236 quidem
1447 1191 1542 1221 non

104 1252 371 1315 neglectum
400 1256 443 1299 in
465 1255 515 1298 iis
540 1253 678 1310 locis,
709 1269 831 1315 quos
856 1253 1003 1299 attulit
1028 1253 1298 1300 Boeckhius
1321 1257 1420 1301 Not.
1443 1256 1540 1302 crit.

105 1331 261 1377 Dubia
286 1333 424 1377 etiam
449 1334 726 1378 constructio
753 1334 1029 1388 accusativi,
1057 1333 1139 1378 ubi
1167 1333 1373 1380 dativum
1399 1334 1541 1385 ὄπιδι

103 1411 179 1458 vel
206 1419 300 1461 σὺν
330 1412 473 1462 ὄπιδι
506 1414 876 1476 exspectaveris3
924 1412 1043 1458 alius
1074 1414 1192 1458 enim
1225 1417 1406 1476 generis
1437 1426 1541 1461 sunt

104 1497 254 1549 νηλέα
288 1497 402 1541 νόον
443 1492 569 1554 Pyth.
611 1495 649 1553 Ι,
685 1494 775 1550 95,
827 1501 984 1557 ταχος
1022 1494 1129 1548 ἴσος
1170 1496 1298 1539 Nem.
1333 1496 1417 1552 VI,
1452 1496 1539 1554 68,

103 1577 294 1640 βραχὺς
318 1579 552 1643 μορφὰν,
597 1579 768 1638 ψυχὰν
797 1574 835 1622 δ’
866 1578 1129 1636 ἄκαμπτος
1165 1573 1316 1620 Isthm.
1347 1577 1435 1633 111,
1461 1578 1538 1622 71.

100 1655 332 1709 Praestat,
381 1656 571 1717 opinor,
618 1655 818 1718 vestigiis
869 1654 1083 1717 vulgatae
1121 1654 1209 1701 alia
1252 1659 1432 1703 ratione
1475 1659 1542 1705 uti

102 1733 162 1780 ad
193 1734 517 1782 inveniendam
548 1752 704 1781 veram
733 1735 918 1782 Pindari
948 1753 1147 1782 manum.
1214 1738 1436 1783 Nimirum
1469 1738 1540 1799 ἄψ

104 1826 148 1862 et
176 1833 266 1862 vox
296 1826 363 1862 est
391 1827 435 1862 et
468 1832 680 1876 carmen,
717 1816 772 1861 cf.
799 1819 845 1861 P.
877 1819 942 1873 X,
972 1816 1047 1861 55.
1079 1818 1298 1878 ἔλπομαι
1326 1816 1368 1864 δ’
1389 1821 1539 1885 Ἐφυ-

104 1899 253 1961 ραίων
285 1898 365 1943 ὄπ’
393 1899 527 1961 ἀμφὶ
563 1902 766 1950 Πηνεϊὸν
801 1900 1026 1956 γλυκεῖαν
1061 1902 1378 1964 προχεόντων
1413 1900 1538 1959 ἐμὰν

103 1981 194 2025 τὸν
219 1980 481 2026 Ἱπποκλέα
507 2004 571 2010 -
596 1981 789 2032 θαητὸν
815 1981 864 2024 ἐν
889 1978 1019 2032 α’λιξι
1052 1982 1289 2036 (ἐασέμεν.
1359 1979 1536 2023 Tamen

103 2072 210 2102 curn
236 2057 287 2101 iis
309 2072 402 2101 non
428 2055 569 2110 facio,
599 2057 676 2118 qni
705 2057 1075 2102 terminationem
1102 2055 1391 2117 producunt,
1419 2074 1538 2120 qua-

99 2134 194 2182 lem
215 2135 413 2181 formam
429 2135 669 2182 Pindarica
692 2135 910 2182 dialectus
931 2135 1061 2181 haud
1083 2135 1274 2192 tolerat,
1301 2135 1384 2182 sed
1405 2153 1537 2183 usum

102 2231 277 2279 sequor
301 2227 487 2279 poetae,
525 2219 603 2280 qui
634 2233 729 2264 non
754 2227 994 2263 contentus
1020 2215 1218 2279 simplici
1242 2232 1351 2262 casu
1376 2217 1535 2281 ὕμνῳ,

104 2297 257 2362 ἀοιδᾷ
278 2307 363 2343 etc.
395 2297 548 2343 verbis
571 2296 895 2360 praedicandi,
920 2296 1112 2343 canendi
1140 2306 1222 2343 etc.
1248 2295 1379 2342 addit
1402 2311 1535 2360 prae-

101 2377 379 2438 positionem
409 2384 474 2426 ἑν.
556 2378 612 2423 cf.
641 2376 694 2422 fr.
720 2379 808 2433 97,
837 2379 878 2421 5.
915 2381 1148 2443 εὐσεβέων
1175 2375 1216 2424 δ’
1247 2381 1536 2442 ἐπουράνιοι

101 2459 309 2506 νάοισαι
341 2463 556 2521 μολπαῖς
589 2464 791 2522 μάκαρα
821 2464 974 2521 μέγαν
1007 2455 1221 2505 ἁείδοντ’
1259 2462 1306 2505 ἐν
1344 2458 1535 2518 ὕμνοις.

99 2537 206 2585 Noli
234 2537 277 2585 h.
302 2538 330 2584 l.
358 2544 572 2600 μολπαῖς
604 2556 870 2604 opponere,
906 2538 1035 2602 quod
1066 2548 1276 2600 apertum
1303 2534 1536 2599 glossema

99 2629 165 2664 est
192 2621 318 2667 vocis
344 2625 535 2682 ὕμνοις.
607 2618 722 2665 Vide
747 2630 982 2682 praeterea
1014 2620 1044 2665 Ι.
1071 2619 1153 2673 IV,
1183 2619 1261 2664 29.
1300 2621 1536 2666 κλέονται
