1726 2912
161 74 226 120 70

166 200 359 261 Heynio‚
427 194 584 241 Schol.
615 193 735 240 haec
770 192 1045 259 adscripsit:
1095 197 1156 240 τὸ
1187 191 1238 242 δὲ
1269 193 1375 258 ἰδίᾳ
1402 197 1444 240 τ’
1473 199 1604 258 ἐρεύ-

167 299 310 337 νησεν
340 278 466 327 ἔνιοι
491 280 801 345 γράφουσιν·
835 273 916 322 διά
946 284 991 322 τ’
1023 277 1268 335 ἐρεύνασε.
1323 271 1607 339 διηρεύνησέ

168 381 222 409 τε
260 360 392 423 ἰδίᾳ,
446 359 564 405 ἀντὶ
604 363 700 405 τοῦ
741 359 831 427 ἀφ’
870 361 1086 416 ἑαυτοῦ,
1139 361 1230 403 οὐκ
1272 357 1605 412 ἐπιτάξαντος

166 442 487 507 Εὐρυσθέως,
513 442 645 486 ἀλλὰ
672 440 804 485 κατὰ
831 440 892 485 τὸ
917 438 1202 505 φιλόπονοι·
1231 440 1386 491 αὐτὸς
1409 434 1472 484 δι’
1500 442 1607 484 ἑαυ-

170 529 267 570 τοῦ
294 526 582 588 ἠρεύνησεν,
624 520 746 566 ὅθεν
781 518 836 574 ἦν
871 514 1090 565 δυνατὸν
1124 521 1412 564 ἐπανελὲεῖν
1447 536 1607 571 τινας.

167 604 336 658 Miror,
373 598 612 645 Boeckhio
644 598 736 644 hoc
764 597 1095 660 ineptissimum
1125 595 1299 653 videri,
1335 594 1465 659 quod
1487 597 1609 641 Her-

169 682 295 728 cules
326 681 603 727 clarissimas
632 695 736 726 suas
760 695 833 725 res
858 694 940 724 sua
968 688 1131 739 sponte
1160 694 1214 723 ac
1241 690 1334 722 non
1358 678 1487 739 jussu
1512 678 1610 721 Eu-

167 762 342 825 rysthei
373 763 571 825 gessisse
602 760 778 807 dicitur.
860 758 983 816 Quid
1015 759 1135 804 enim
1168 759 1318 821 magis
1352 756 1609 820 praedica—

168 852 243 888 tur
281 859 307 888 a
343 841 566 900 Pindaro,
613 858 752 904 quam
793 841 1008 896 ἰδιότης,
1059 842 1251 902 propria
1296 839 1473 883 virtus?
1553 840 1608 882 At

170 933 323 986 potest
353 923 458 989 ἰδίᾳ
489 925 621 969 etiam
662 922 719 968 de
757 922 1028 984 ἰδιοστόλῳ
1070 920 1288 982 intelligi,
1337 919 1527 982 qualem
1559 933 1610 964 se

169 1006 270 1066 ipse
294 1005 515 1049 Pindarus
539 1003 647 1048 dicit
673 1002 742 1048 Ol.
768 1004 886 1057 Xlll,
915 1003 992 1046 47.
1062 1003 1188 1045 Tum
1214 999 1434 1045 Hercules
1461 1017 1611 1062 prop-

170 1094 294 1129 terea
339 1082 635 1142 laudabitur,
680 1081 809 1144 quod
853 1081 983 1127 solus
1025 1092 1119 1126 tam
1161 1080 1480 1146 periculosum
1520 1082 1610 1126 iter

172 1165 425 1228 susceperit
455 1165 535 1208 toti
564 1165 722 1226 generi
753 1162 959 1208 humano
992 1161 1301 1207 consulturus.
1380 1161 1488 1206 Illos
1521 1178 1614 1206 au-

172 1256 289 1303 tem,
322 1246 407 1308 qui
435 1244 520 1294 διά
547 1255 591 1293 τ’
613 1249 841 1312 ἐρεύνασε
864 1246 1170 1306 scripserunt,
1207 1253 1403 1288 metrum
1423 1243 1612 1288 minime

172 1326 333 1372 habuit
359 1325 608 1384 sollicitos,
651 1323 788 1388 quod
816 1326 947 1370 sarsit
977 1322 1166 1386 quidem
1196 1321 1460 1368 Boeckhius
1490 1322 1615 1367 scri-

172 1406 332 1453 bendo
363 1405 447 1454 διά
472 1414 519 1454 τ’
543 1410 852 1472 ἐξερεύνασε,
890 1403 973 1449 sed
999 1404 1148 1449 intulit
1174 1403 1482 1466 compositum
1500 1419 1616 1448 ver-

173 1486 287 1531 bum
333 1490 484 1548 poetis
517 1503 608 1530 non
652 1488 863 1530 usitatum
906 1485 1223 1551 διεξερευνοίω.
1310 1486 1406 1529 Nec
1449 1482 1616 1529 debuit

174 1565 301 1611 idem
344 1570 587 1634 ὑπερόχος
628 1566 889 1629 praeferre,
943 1582 1087 1628 quum
1134 1564 1246 1610 boni
1286 1563 1393 1609 libri
1436 1574 1617 1610 teneant

177 1649 482 1711 ὑπερόχους,
531 1645 674 1692 altera
707 1658 858 1691 autem
891 1646 1026 1690 lectio
1065 1662 1120 1691 ex
1164 1646 1347 1707 antiqua
1386 1648 1616 1707 scriptura

176 1724 395 1788 explicari
424 1727 585 1790 possit.

273 1808 348 1851 31.
384 1810 664 1854 παλαιαῖσι
692 1805 731 1854 δ’
760 1813 809 1854 ἐν
837 1810 1036 1870 ἀρεταῖς
1064 1807 1240 1869 γέγαθε
1262 1810 1455 1862 Πηλεὺς
1488 1805 1615 1864 οἷ’ναξ

175 1886 456 1953 ὑπέραλλον
488 1893 679 1952 αἰχμὰν
712 1891 895 1948 ταμών.
967 1889 1051 1932 Hic
1082 1886 1335 1933 scholiasta
1364 1886 1618 1932 audiendus

176 1978 299 2015 erat:
353 1968 430 2016 ἔτι
470 1974 655 2025 παλαι,
708 1973 893 2035 φησὶν,
946 1975 1176 2028 ὑμνεῖται
1229 1974 1253 2016 ὁ
1301 1972 1488 2023 Πηλεὺς
1536 1969 1617 2014 καὶ

175 2055 395 2111 ὑμνεῖτο.
465 2051 644 2094 Etenim
674 2052 891 2098 παλαιαὶ
919 2055 1118 2115 ἀρεταὶ,
1144 2068 1201 2096 ne
1226 2051 1400 2113 cogites
1427 2048 1485 2094 de
1508 2065 1618 2094 sene

174 2129 339 2186 Peleo,
375 2131 563 2174 virtutes
588 2140 689 2174 sunt
715 2131 971 2192 majorum,
1009 2130 1066 2177 cf.
1100 2133 1148 2176 N.
1179 2133 1264 2183 XI,
1293 2133 1370 2175 37.
1405 2135 1616 2193 ἀρχαῖαι,

177 2209 218 2258 δ’
249 2212 421 2276 ἀρεταὶ
457 2213 736 2280 ἀμφέροντ’
778 2216 1156 2274 ἀλλασσόμεναι
1204 2219 1384 2274 γενεαῖς
1432 2209 1617 2276 ἀνδρῶν

178 2294 369 2346 σθένος.

285 2374 360 2418 39.
397 2375 573 2420 οὔποτ’
602 2376 806 2439 ἀτρεκέϊ
832 2370 1022 2435 κατε-’βα
1051 2372 1176 2420 ποδί.
1246 2376 1301 2418 Et
1324 2372 1400 2417 hic
1425 2383 1467 2417 et
1489 2375 1618 2418 Nem.

176 2453 255 2508 IV,
283 2455 360 2500 38.
394 2453 735 2499 obversabatur
764 2464 930 2518 poetae
955 2452 1092 2498 saltus
1127 2455 1423 2514 (ἅλματος)
1462 2465 1620 2498 certa-

179 2548 308 2586 men,
345 2533 403 2579 de
436 2552 530 2596 quo
564 2533 874 2579 Philostratus
909 2538 1015 2601 περὶ
1045 2543 1387 2596 γυμναστικῆς
1422 2536 1507 2590 16,
1549 2537 1618 2580 13.

176 2615 238 2660 τὸ
283 2616 415 2677 βῆμα
452 2613 642 2680 ἑδραῖοι
693 2635 745 2662 τε
786 2618 867 2661 καὶ
905 2618 1116 2675 εὖπημοι»
1160 2622 1204 2669 ἐς
1237 2621 1325 2670 τὴν
1365 2624 1451 2677 γῆν
1488 2616 1617 2677 ἄγευ
