1726 2912
200 71 257 117 to

188 201 237 244 -in
266 197 359 245 hoc
387 197 550 246 codice
580 221 599 248 ι
629 200 950 247 subscribitur.
1014 201 1121 246 107.
1157 204 1329 249 θέλων.
1397 202 1505 249 108.
1543 220 1621 251 πε-

189 285 470 348 ριπέφευγε.
540 283 647 327 109.
683 281 839 338 ἔθηκε.

862 427 953 473 ΠΙ.

286 526 557 587 Inscriptio:
593 530 659 572 τῶ
690 529 827 572 αὐτῶ
857 527 922 576 εὶς
952 527 1196 580 θεοξένια.

285 607 328 651 4.
363 603 505 651 habet
532 605 664 652 οὕτω
695 623 779 652 τοι
805 610 1047 668 παρέστα.
1117 604 1189 647 Sic
1216 605 1263 647 P.
1292 603 1403 660 Vlll,
1435 605 1512 648 73.
1549 609 1628 651 κώ-

187 705 259 749 μῳ
287 690 373 748 μὲν
399 685 630 748 ἁδυμελεῖ
653 684 769 733 δίκα
794 690 1089 750 παρέστακε.
1158 686 1199 729 7.
1235 684 1550 747 θεόδματον,
1583 684 1627 729 in

188 766 377 830 reliquis
402 766 540 813 codd.
568 778 635 813 est
662 766 960 828 θεόδμητον.
1040 768 1081 812 9.
1120 765 1467 825 αἱνεσιδάμου.
1551 766 1626 811 10.

189 852 428 915 θεόμοροι
449 865 554 894 cum
567 847 670 896 Ald.
719 849 779 894 ib.
802 852 992 899 νίσοντ’
1010 847 1193 897 ἀοιδαί.
1267 849 1340 892 12.
1366 850 1627 914 βλεφάρων

188 939 235 975 ut
264 931 309 974 P.
335 932 374 987 Ι,
403 932 445 975 8.
476 932 560 987 ΙΧ,
587 932 663 976 25.
740 934 813 976 13.
847 929 992 976 habet
1021 933 1158 996 βάλη.
1229 930 1301 974 15.
1337 934 1623 995 ἀμφιτρυω·

187 1008 340 1065 νίδας.
409 1012 483 1056 16,
522 1016 724 1060 ἀέθλων.
797 1014 870 1057 18.
905 1013 1006 1059 ἔτει
1043 1027 1129 1072 pro
1162 1009 1311 1058 αἴτει.
1386 1011 1459 1056 19.
1498 1011 1603 1057 σκίε

186 1095 271 1151 ρόν
303 1110 358 1138 τε
383 1104 438 1159 φ.
483 1092 563 1136 etsi
600 1107 738 1153 supra
772 1102 896 1138 recte
934 1091 1148 1155 praebuit
1187 1099 1403 1157 σκιαρᾶν
1447 1097 1627 1153 παγᾶν.

186 1172 262 1215 21.
307 1176 445 1232 μήνη.
524 1173 598 1216 24.
646 1174 830 1220 ἕθαλλε
857 1181 1013 1237 χῶρος
1041 1176 1259 1237 βάσσαις
1289 1188 1378 1216 om.
1406 1178 1468 1219 ἐν.
1551 1171 1628 1216 25.

187 1251 335 1309 ἔδοξε.
418 1254 494 1297 32.
545 1257 694 1319 ἱερὰν.
739 1252 799 1316 gl·
834 1258 1152 1314 ἡγιασμένην.
1237 1253 1316 1296 33.
1368 1253 1626 1307 κάκείναν,

187 1348 330 1395 quam
363 1332 609 1379 lectionem
645 1332 820 1395 probat
857 1332 1086 1378 Thiersch
1135 1334 1214 1377 Gr.
1255 1331 1328 1378 ed.
1360 1335 1402 1377 2.
1441 1350 1488 1398 p.
1518 1334 1627 1378 351.

188 1418 370 1466 ἐκεῖνος
399 1424 465 1459 est
495 1411 562 1458 Ol.
592 1415 655 1470 11,
686 1415 792 1460 109.
878 1414 940 1458 ib.
987 1421 1184 1468 πνοιαῖς
1216 1414 1398 1462 ὄπιθεν
1426 1428 1532 1458 cum
1563 1411 1624 1476 gl.

187 1501 383 1543 πνοιεδν.
455 1495 670 1539 Dativum
701 1493 813 1556 legit
838 1492 1100 1540 scholiasta.

286 1576 362 1620 34.
416 1578 638 1636 θάμαινε
687 1578 910 1630 σταθείς.
994 1576 1214 1619 Praesens
1256 1573 1428 1619 inferre
1467 1573 1626 1620 nolim.

187 1659 402 1701 Fortasse
445 1656 625 1717 scripsit
669 1654 893 1701 Pindarus
941 1659 1186 1716 θαύμανε.
1267 1656 1505 1700 Aoristum
1550 1654 1628 1700 le-

186 1738 310 1800 gisse
341 1734 522 1782 videtur
550 1734 701 1783 schol.
731 1745 843 1780 vet.:
883 1733 1010 1783 ἔνθα
1034 1736 1394 1798 στὰςὲξεπλάγη
1427 1741 1496 1784 τὰ
1523 1735 1626 1784 δέν-

187 1816 279 1883 δρα
313 1825 401 1874 τῆς
428 1817 612 1871 ἐλαίας.
690 1817 765 1861 35.
817 1814 1268 1878 δωδεκάγναμπτον
1305 1816 1353 1865 δε
1388 1823 1547 1883 τέρμα
1584 1832 1624 1863 e.

188 1896 248 1960 gl.
289 1896 550 1953 δωδεκάκις
589 1901 940 1960 κυκλούμενον.
1029 1898 1104 1941 36.
1154 1899 1236 1944 καὶ
1271 1906 1358 1945 νῦν
1394 1925 1459 1932 --
1494 1902 1625 1945 νίσε-

187 1997 291 2026 ται.
371 1978 526 2024 Placet
567 1978 791 2023 futurum:
852 1979 1002 2023 veniet
1039 1978 1176 2039 igitur
1215 1994 1320 2024 cum
1368 1976 1485 2023 divis
1524 1979 1625 2024 Le-

186 2056 275 2103 dae
308 2059 500 2121 geminis
534 2056 595 2103 ad
630 2057 749 2103 hunc
781 2058 950 2103 festum
983 2058 1007 2102 i.
1031 2075 1067 2103 e.
1093 2057 1363 2103 Theoxenia
1386 2057 1622 2104 celebrata

187 2137 408 2185 Theroni.
483 2139 558 2184 37.
602 2138 878 2200 διδύμοισι.
958 2140 1034 2183 38.
1077 2143 1357 2203 ἐπέτρεπεν.
1434 2140 1511 2184 40.
1558 2138 1622 2187 οἷν

189 2228 263 2269 ποῖ
297 2235 333 2265 c.
361 2219 422 2283 gl.
457 2223 608 2285 ἀργὸν
638 2217 697 2263 ad
729 2226 811 2269 ποῖ-
885 2217 1167 2264 Scholiastas
1199 2230 1443 2282 utramque
1470 2220 1622 2283 parti—

188 2300 338 2347 culam
362 2301 407 2345 in
429 2315 513 2345 suo
535 2298 790 2361 exemplari
814 2301 1041 2345 invenisse
1063 2310 1199 2362 negat
1224 2299 1511 2357 Boeckhius,
1537 2315 1623 2346 ve-

186 2397 295 2427 reor
323 2391 367 2427 ut
394 2391 533 2427 recte.
601 2381 728 2426 Haec
771 2381 892 2425 enim
934 2379 1086 2426 dicunt
1123 2380 1212 2426 illi:
1262 2387 1343 2445 ἐμὲ
1375 2379 1418 2428 δ’
1443 2381 1506 2430 ὧν
1535 2401 1622 2429 πα.

188 2466 471 2532 ἀμφότεροι
509 2467 558 2512 οἱ
595 2462 869 2526 σύνδεσμοι
906 2464 1417 2530 παραπληρωματικοὶ
1453 2467 1535 2510 καὶ
1573 2468 1623 2511 ἐν

187 2551 257 2606 τῷ
286 2551 519 2612 Θήρωνι
549 2564 613 2593 τε
643 2548 844 2593 ἐλθεῖν
876 2550 902 2594 ὁ
930 2564 983 2592 τε
1009 2550 1090 2607 ἐμὲ
1115 2544 1168 2593 δέ
1191 2565 1286 2600 πως
1312 2551 1482 2606 ὑμνεῖν
1503 2549 1623 2599 τοὺς

186 2625 459 2686 Εὐμενίδας
493 2630 604 2686 (scr.
628 2624 933 2687 Ἐμμενίδαις)
972 2630 998 2681 ἡ
1036 2630 1178 2689 ψυχὴ
1211 2630 1620 2691 παρακελεύεται.
