<?xml version="1.0" encoding="UTF-8"?>
<!DOCTYPE html PUBLIC "-//W3C//DTD XHTML 1.0 Transitional//EN"
    "http://www.w3.org/TR/xhtml1/DTD/xhtml1-transitional.dtd">
<html xmlns="http://www.w3.org/1999/xhtml" xml:lang="en" lang="en">
 <head>
  <title>
</title>
<meta http-equiv="Content-Type" content="text/html;charset=utf-8" />
  <meta name='ocr-system' content='tesseract 3.04.00' />
  <meta name='ocr-capabilities' content='ocr_page ocr_carea ocr_par ocr_line ocrx_word'/>
</head>
<body>
  <div class='ocr_page' id='page_1' title='image "./lectionespindari00kaysuoft_0083.png"; bbox 0 0 1726 2912; ppageno 0'>
   <div class='ocr_carea' id='block_1_1' title="bbox 0 0 24 411">
    <p class='ocr_par' dir='ltr' id='par_1_1' title="bbox 0 0 24 411">
     <span class='ocr_line' id='line_1_1' title="bbox 0 0 24 411; baseline 0 2501"><span class='ocrx_word' id='word_1_1' title='bbox 0 0 24 411; x_wconf 95' lang='lat' dir='ltr'> </span> 
     </span>
    </p>
   </div>
   <div class='ocr_carea' id='block_1_2' title="bbox 0 959 2 1482">
    <p class='ocr_par' dir='ltr' id='par_1_2' title="bbox 0 959 2 1482">
     <span class='ocr_line' id='line_1_2' title="bbox 0 959 2 1482; baseline 0 0"><span class='ocrx_word' id='word_1_2' title='bbox 0 959 2 1482; x_wconf 95' lang='lat' dir='ltr'> </span> 
     </span>
    </p>
   </div>
   <div class='ocr_carea' id='block_1_3' title="bbox 1471 34 1532 78">
    <p class='ocr_par' dir='ltr' id='par_1_3' title="bbox 1471 34 1532 78">
     <span class='ocr_line' id='line_1_3' title="bbox 1471 34 1532 78; baseline 0.016 -1"><span class='ocrx_word' id='word_1_3' title='bbox 1471 34 1532 78; x_wconf 73' lang='lat'>⁷3</span> 
     </span>
    </p>
   </div>
   <div class='ocr_carea' id='block_1_4' title="bbox 89 158 1533 2645">
    <p class='ocr_par' dir='ltr' id='par_1_4' title="bbox 92 158 1532 538">
     <span class='ocr_line' id='line_1_4' title="bbox 93 158 1532 226; baseline 0.001 -20"><span class='ocrx_word' id='word_1_4' title='bbox 93 177 139 223; x_wconf 90' lang='lat' dir='ltr'>p.</span> <span class='ocrx_word' id='word_1_5' title='bbox 163 162 272 206; x_wconf 75' lang='lat'>379.</span> <span class='ocrx_word' id='word_1_6' title='bbox 328 188 395 196; x_wconf 83' lang='lat'>—-</span> <span class='ocrx_word' id='word_1_7' title='bbox 473 178 533 207; x_wconf 89' lang='lat' dir='ltr'>vs.</span> <span class='ocrx_word' id='word_1_8' title='bbox 561 164 638 208; x_wconf 71' lang='lat'>37.</span> <span class='ocrx_word' id='word_1_9' title='bbox 679 160 1040 224; x_wconf 82' lang='lat' dir='ltr'>praeferendum</span> <span class='ocrx_word' id='word_1_10' title='bbox 1080 164 1425 226; x_wconf 81' lang='grc' dir='ltr'><em>ἑπιβουλίαις,</em></span> <span class='ocrx_word' id='word_1_11' title='bbox 1470 158 1532 208; x_wconf 89' lang='lat' dir='ltr'>cf.</span> 
     </span>
     <span class='ocr_line' id='line_1_5' title="bbox 93 241 1528 308; baseline 0.003 -21"><span class='ocrx_word' id='word_1_12' title='bbox 93 252 186 288; x_wconf 86' lang='lat' dir='ltr'>not.</span> <span class='ocrx_word' id='word_1_13' title='bbox 213 241 272 288; x_wconf 90' lang='lat' dir='ltr'>ad</span> <span class='ocrx_word' id='word_1_14' title='bbox 298 242 368 288; x_wconf 89' lang='lat' dir='ltr'>Ol.</span> <span class='ocrx_word' id='word_1_15' title='bbox 396 245 477 298; x_wconf 92' lang='lat' dir='ltr'>Xl,</span> <span class='ocrx_word' id='word_1_16' title='bbox 507 244 583 288; x_wconf 79' lang='lat'>43.</span> <span class='ocrx_word' id='word_1_17' title='bbox 619 253 661 289; x_wconf 94' lang='lat' dir='ltr'>et</span> <span class='ocrx_word' id='word_1_18' title='bbox 692 241 750 288; x_wconf 90' lang='lat' dir='ltr'>de</span> <span class='ocrx_word' id='word_1_19' title='bbox 780 241 1012 288; x_wconf 83' lang='lat' dir='ltr'>locutione</span> <span class='ocrx_word' id='word_1_20' title='bbox 1036 245 1360 306; x_wconf 80' lang='grc' dir='ltr'><em>καταβαίνειν</em></span> <span class='ocrx_word' id='word_1_21' title='bbox 1381 246 1528 308; x_wconf 83' lang='grc' dir='ltr'><em>ὑπέρ-</em></span> 
     </span>
     <span class='ocr_line' id='line_1_6' title="bbox 95 322 1529 390; baseline -0.001 -19"><span class='ocrx_word' id='word_1_22' title='bbox 95 343 238 390; x_wconf 89' lang='grc' dir='ltr'><em>τερον</em></span> <span class='ocrx_word' id='word_1_23' title='bbox 291 340 415 386; x_wconf 86' lang='lat' dir='ltr'>quae</span> <span class='ocrx_word' id='word_1_24' title='bbox 458 326 717 370; x_wconf 83' lang='lat' dir='ltr'>notavimus</span> <span class='ocrx_word' id='word_1_25' title='bbox 759 322 819 368; x_wconf 80' lang='lat' dir='ltr'>ad</span> <span class='ocrx_word' id='word_1_26' title='bbox 859 325 1075 386; x_wconf 85' lang='lat' dir='ltr'>superius</span> <span class='ocrx_word' id='word_1_27' title='bbox 1111 340 1298 369; x_wconf 80' lang='lat' dir='ltr'>carmen</span> <span class='ocrx_word' id='word_1_28' title='bbox 1342 339 1409 370; x_wconf 87' lang='lat' dir='ltr'>vs.</span> <span class='ocrx_word' id='word_1_29' title='bbox 1451 324 1529 370; x_wconf 79' lang='lat'>39.</span> 
     </span>
     <span class='ocr_line' id='line_1_7' title="bbox 95 402 1530 471; baseline 0.002 -24"><span class='ocrx_word' id='word_1_30' title='bbox 95 404 254 448; x_wconf 79' lang='lat' dir='ltr'>Victor</span> <span class='ocrx_word' id='word_1_31' title='bbox 284 403 442 449; x_wconf 89' lang='lat' dir='ltr'>lucem</span> <span class='ocrx_word' id='word_1_32' title='bbox 474 406 652 466; x_wconf 82' lang='lat' dir='ltr'>quaerit</span> <span class='ocrx_word' id='word_1_33' title='bbox 683 408 756 463; x_wconf 70' lang='grc' dir='ltr'>(ἐν</span> <span class='ocrx_word' id='word_1_34' title='bbox 788 408 955 471; x_wconf 74' lang='grc' dir='ltr'><em>φάει),</em></span> <span class='ocrx_word' id='word_1_35' title='bbox 994 405 1143 449; x_wconf 86' lang='lat' dir='ltr'>victus</span> <span class='ocrx_word' id='word_1_36' title='bbox 1171 402 1401 451; x_wconf 71' lang='lat' dir='ltr'>tenebras·</span> <span class='ocrx_word' id='word_1_37' title='bbox 1470 403 1530 450; x_wconf 87' lang='lat' dir='ltr'>cf.</span> 
     </span>
     <span class='ocr_line' id='line_1_8' title="bbox 92 480 850 538; baseline 0.004 -14"><span class='ocrx_word' id='word_1_38' title='bbox 92 482 141 525; x_wconf 88' lang='lat' dir='ltr'>P.</span> <span class='ocrx_word' id='word_1_39' title='bbox 172 480 298 537; x_wconf 85' lang='lat' dir='ltr'>V111,</span> <span class='ocrx_word' id='word_1_40' title='bbox 329 483 406 526; x_wconf 77' lang='lat'>87.</span> <span class='ocrx_word' id='word_1_41' title='bbox 443 492 487 527; x_wconf 86' lang='lat' dir='ltr'>et</span> <span class='ocrx_word' id='word_1_42' title='bbox 521 481 589 526; x_wconf 89' lang='lat' dir='ltr'>Ol.</span> <span class='ocrx_word' id='word_1_43' title='bbox 622 483 746 538; x_wconf 83' lang='lat' dir='ltr'>Vm,</span> <span class='ocrx_word' id='word_1_44' title='bbox 775 483 850 527; x_wconf 83' lang='lat'>69.</span> 
     </span>
    </p>

    <p class='ocr_par' dir='ltr' id='par_1_5' title="bbox 89 562 1533 1901">
     <span class='ocr_line' id='line_1_9' title="bbox 187 562 1528 634; baseline 0.007 -27"><span class='ocrx_word' id='word_1_45' title='bbox 187 562 265 608; x_wconf 85' lang='grc'>69.</span> <span class='ocrx_word' id='word_1_46' title='bbox 303 566 554 627; x_wconf 79' lang='grc' dir='ltr'><strong><em>ἀπότρεπε·</em></strong></span> <span class='ocrx_word' id='word_1_47' title='bbox 580 565 728 617; x_wconf 72' lang='grc' dir='ltr'><em>αὖτις</em></span> <span class='ocrx_word' id='word_1_48' title='bbox 756 569 992 631; x_wconf 71' lang='grc' dir='ltr'><em>Εὐρώπαν</em></span> <span class='ocrx_word' id='word_1_49' title='bbox 1020 573 1138 614; x_wconf 86' lang='grc' dir='ltr'><em>ποτὶ</em></span> <span class='ocrx_word' id='word_1_50' title='bbox 1171 571 1355 634; x_wconf 86' lang='grc' dir='ltr'><em>χέρσον</em></span> <span class='ocrx_word' id='word_1_51' title='bbox 1384 567 1528 616; x_wconf 76' lang='grc' dir='ltr'><em>ἔντεα</em></span> 
     </span>
     <span class='ocr_line' id='line_1_10' title="bbox 92 643 1531 710; baseline 0.002 -21"><span class='ocrx_word' id='word_1_52' title='bbox 92 646 226 697; x_wconf 84' lang='grc' dir='ltr'><em>ναὸς.</em></span> <span class='ocrx_word' id='word_1_53' title='bbox 280 643 409 688; x_wconf 85' lang='lat' dir='ltr'><strong>Istud</strong></span> <span class='ocrx_word' id='word_1_54' title='bbox 435 648 668 710; x_wconf 76' lang='grc' dir='ltr'><em>Εὐρώπαν</em></span> <span class='ocrx_word' id='word_1_55' title='bbox 695 645 958 707; x_wconf 77' lang='lat' dir='ltr'>refragatur</span> <span class='ocrx_word' id='word_1_56' title='bbox 983 658 1158 700; x_wconf 78' lang='lat' dir='ltr'>metm,</span> <span class='ocrx_word' id='word_1_57' title='bbox 1188 649 1392 708; x_wconf 78' lang='lat' dir='ltr'>syntaxi,</span> <span class='ocrx_word' id='word_1_58' title='bbox 1417 663 1531 693; x_wconf 87' lang='lat' dir='ltr'>sen—</span> 
     </span>
     <span class='ocr_line' id='line_1_11' title="bbox 92 725 1532 789; baseline 0.003 -21"><span class='ocrx_word' id='word_1_59' title='bbox 92 725 266 769; x_wconf 78' lang='lat' dir='ltr'>tentiae.</span> <span class='ocrx_word' id='word_1_60' title='bbox 337 726 510 780; x_wconf 80' lang='lat' dir='ltr'>Metro,</span> <span class='ocrx_word' id='word_1_61' title='bbox 549 727 655 787; x_wconf 83' lang='lat' dir='ltr'>quia</span> <span class='ocrx_word' id='word_1_62' title='bbox 681 725 774 770; x_wconf 93' lang='lat' dir='ltr'>hoc</span> <span class='ocrx_word' id='word_1_63' title='bbox 801 741 890 771; x_wconf 91' lang='lat' dir='ltr'>uno</span> <span class='ocrx_word' id='word_1_64' title='bbox 919 726 1025 773; x_wconf 89' lang='lat' dir='ltr'>loco</span> <span class='ocrx_word' id='word_1_65' title='bbox 1056 726 1297 789; x_wconf 84' lang='lat' dir='ltr'>spondeus</span> <span class='ocrx_word' id='word_1_66' title='bbox 1326 727 1532 773; x_wconf 82' lang='lat' dir='ltr'>trochaei</span> 
     </span>
     <span class='ocr_line' id='line_1_12' title="bbox 93 804 1530 874; baseline 0.003 -26"><span class='ocrx_word' id='word_1_67' title='bbox 93 805 216 850; x_wconf 86' lang='lat' dir='ltr'>vices</span> <span class='ocrx_word' id='word_1_68' title='bbox 247 805 436 850; x_wconf 88' lang='lat' dir='ltr'>sustinet</span> <span class='ocrx_word' id='word_1_69' title='bbox 469 815 572 867; x_wconf 91' lang='lat' dir='ltr'>post</span> <span class='ocrx_word' id='word_1_70' title='bbox 602 804 761 863; x_wconf 84' lang='lat' dir='ltr'>basin;</span> <span class='ocrx_word' id='word_1_71' title='bbox 811 808 1014 868; x_wconf 78' lang='lat' dir='ltr'>syntaxi,</span> <span class='ocrx_word' id='word_1_72' title='bbox 1051 811 1153 869; x_wconf 75' lang='lat' dir='ltr'>quia</span> <span class='ocrx_word' id='word_1_73' title='bbox 1188 813 1367 874; x_wconf 83' lang='grc' dir='ltr'><em>χέρσος</em></span> <span class='ocrx_word' id='word_1_74' title='bbox 1403 807 1530 873; x_wconf 80' lang='lat' dir='ltr'>apud</span> 
     </span>
     <span class='ocr_line' id='line_1_13' title="bbox 92 884 1532 951; baseline 0.003 -22"><span class='ocrx_word' id='word_1_75' title='bbox 92 884 336 930; x_wconf 80' lang='lat' dir='ltr'>Pindarum</span> <span class='ocrx_word' id='word_1_76' title='bbox 367 887 546 930; x_wconf 87' lang='lat' dir='ltr'>nonnisi</span> <span class='ocrx_word' id='word_1_77' title='bbox 571 884 859 932; x_wconf 83' lang='lat' dir='ltr'>substantiva</span> <span class='ocrx_word' id='word_1_78' title='bbox 890 888 1077 933; x_wconf 87' lang='lat' dir='ltr'>notione</span> <span class='ocrx_word' id='word_1_79' title='bbox 1107 890 1338 944; x_wconf 81' lang='lat' dir='ltr'>occurrit,</span> <span class='ocrx_word' id='word_1_80' title='bbox 1371 905 1532 951; x_wconf 85' lang='lat' dir='ltr'>appo-</span> 
     </span>
     <span class='ocr_line' id='line_1_14' title="bbox 90 964 1533 1034; baseline 0.003 -24"><span class='ocrx_word' id='word_1_81' title='bbox 90 966 192 1010; x_wconf 89' lang='lat' dir='ltr'>sitio</span> <span class='ocrx_word' id='word_1_82' title='bbox 221 975 402 1025; x_wconf 76' lang='lat' dir='ltr'>autem,</span> <span class='ocrx_word' id='word_1_83' title='bbox 454 982 594 1027; x_wconf 86' lang='lat' dir='ltr'>quam</span> <span class='ocrx_word' id='word_1_84' title='bbox 631 964 796 1027; x_wconf 81' lang='lat' dir='ltr'>aliquis</span> <span class='ocrx_word' id='word_1_85' title='bbox 828 964 1172 1012; x_wconf 73' lang='lat' dir='ltr'><strong>defendendam</strong></span> <span class='ocrx_word' id='word_1_86' title='bbox 1202 968 1398 1014; x_wconf 72' lang='lat' dir='ltr'>fortas-se</span> <span class='ocrx_word' id='word_1_87' title='bbox 1430 987 1533 1034; x_wconf 90' lang='lat' dir='ltr'>pu—</span> 
     </span>
     <span class='ocr_line' id='line_1_15' title="bbox 91 1044 1531 1112; baseline 0.002 -21"><span class='ocrx_word' id='word_1_88' title='bbox 91 1056 177 1102; x_wconf 89' lang='lat' dir='ltr'>tet,</span> <span class='ocrx_word' id='word_1_89' title='bbox 226 1044 530 1091; x_wconf 85' lang='lat' dir='ltr'>vehementer</span> <span class='ocrx_word' id='word_1_90' title='bbox 573 1045 792 1108; x_wconf 80' lang='lat' dir='ltr'>languet3</span> <span class='ocrx_word' id='word_1_91' title='bbox 851 1050 1100 1094; x_wconf 75' lang='lat' dir='ltr'>sententiae</span> <span class='ocrx_word' id='word_1_92' title='bbox 1146 1048 1373 1111; x_wconf 86' lang='lat' dir='ltr'>denique,</span> <span class='ocrx_word' id='word_1_93' title='bbox 1425 1051 1531 1112; x_wconf 82' lang='lat' dir='ltr'>quia</span> 
     </span>
     <span class='ocr_line' id='line_1_16' title="bbox 89 1126 1530 1189; baseline 0.003 -19"><span class='ocrx_word' id='word_1_94' title='bbox 89 1128 282 1189; x_wconf 81' lang='lat' dir='ltr'>Europa</span> <span class='ocrx_word' id='word_1_95' title='bbox 320 1127 573 1188; x_wconf 88' lang='lat' dir='ltr'>opponitur</span> <span class='ocrx_word' id='word_1_96' title='bbox 600 1127 736 1171; x_wconf 80' lang='lat' dir='ltr'>Asiae</span> <span class='ocrx_word' id='word_1_97' title='bbox 768 1136 809 1171; x_wconf 85' lang='lat' dir='ltr'>et</span> <span class='ocrx_word' id='word_1_98' title='bbox 839 1126 1047 1185; x_wconf 81' lang='lat' dir='ltr'>Africae,</span> <span class='ocrx_word' id='word_1_99' title='bbox 1086 1145 1175 1174; x_wconf 89' lang='lat' dir='ltr'>non</span> <span class='ocrx_word' id='word_1_100' title='bbox 1209 1131 1335 1175; x_wconf 77' lang='lat' dir='ltr'>mari.</span> <span class='ocrx_word' id='word_1_101' title='bbox 1403 1133 1530 1175; x_wconf 88' lang='lat' dir='ltr'>Fue-</span> 
     </span>
     <span class='ocr_line' id='line_1_17' title="bbox 91 1206 1532 1276; baseline 0.002 -23"><span class='ocrx_word' id='word_1_102' title='bbox 91 1209 206 1254; x_wconf 87' lang='lat' dir='ltr'>ritne</span> <span class='ocrx_word' id='word_1_103' title='bbox 238 1224 406 1253; x_wconf 85' lang='lat' dir='ltr'>nomen</span> <span class='ocrx_word' id='word_1_104' title='bbox 438 1207 552 1252; x_wconf 78' lang='lat' dir='ltr'>illud</span> <span class='ocrx_word' id='word_1_105' title='bbox 586 1210 685 1271; x_wconf 86' lang='lat' dir='ltr'>jam</span> <span class='ocrx_word' id='word_1_106' title='bbox 719 1206 917 1255; x_wconf 82' lang='lat' dir='ltr'>Pindaro</span> <span class='ocrx_word' id='word_1_107' title='bbox 952 1220 1144 1266; x_wconf 84' lang='lat' dir='ltr'>notum,</span> <span class='ocrx_word' id='word_1_108' title='bbox 1182 1209 1380 1256; x_wconf 74' lang='lat' dir='ltr'>dubitari</span> <span class='ocrx_word' id='word_1_109' title='bbox 1410 1221 1532 1276; x_wconf 88' lang='lat' dir='ltr'>pot-</span> 
     </span>
     <span class='ocr_line' id='line_1_18' title="bbox 93 1287 1531 1353; baseline 0.002 -20"><span class='ocrx_word' id='word_1_110' title='bbox 93 1299 184 1346; x_wconf 78' lang='lat' dir='ltr'>est3</span> <span class='ocrx_word' id='word_1_111' title='bbox 223 1287 335 1333; x_wconf 83' lang='lat' dir='ltr'>alibi</span> <span class='ocrx_word' id='word_1_112' title='bbox 359 1298 480 1333; x_wconf 87' lang='lat' dir='ltr'>certe</span> <span class='ocrx_word' id='word_1_113' title='bbox 505 1304 597 1333; x_wconf 92' lang='lat' dir='ltr'>non</span> <span class='ocrx_word' id='word_1_114' title='bbox 623 1288 779 1334; x_wconf 78' lang='lat' dir='ltr'>habet.</span> <span class='ocrx_word' id='word_1_115' title='bbox 850 1291 1015 1335; x_wconf 82' lang='lat' dir='ltr'>Vitium</span> <span class='ocrx_word' id='word_1_116' title='bbox 1042 1293 1267 1353; x_wconf 74' lang='lat' dir='ltr'>antiquius</span> <span class='ocrx_word' id='word_1_117' title='bbox 1291 1302 1355 1336; x_wconf 87' lang='lat' dir='ltr'>est</span> <span class='ocrx_word' id='word_1_118' title='bbox 1381 1289 1531 1336; x_wconf 89' lang='lat' dir='ltr'>scho-</span> 
     </span>
     <span class='ocr_line' id='line_1_19' title="bbox 89 1368 1528 1439; baseline 0.005 -26"><span class='ocrx_word' id='word_1_119' title='bbox 89 1368 247 1415; x_wconf 84' lang='lat' dir='ltr'>liastis.</span> <span class='ocrx_word' id='word_1_120' title='bbox 314 1368 527 1414; x_wconf 84' lang='lat' dir='ltr'>Scribere</span> <span class='ocrx_word' id='word_1_121' title='bbox 563 1379 717 1414; x_wconf 83' lang='lat' dir='ltr'>autem</span> <span class='ocrx_word' id='word_1_122' title='bbox 750 1369 886 1415; x_wconf 89' lang='lat' dir='ltr'>lubet</span> <span class='ocrx_word' id='word_1_123' title='bbox 920 1372 1132 1437; x_wconf 70' lang='grc' dir='ltr'><em>εὔπορον</em></span> <span class='ocrx_word' id='word_1_124' title='bbox 1164 1377 1282 1421; x_wconf 83' lang='grc' dir='ltr'><em>ποτὶ</em></span> <span class='ocrx_word' id='word_1_125' title='bbox 1319 1377 1528 1439; x_wconf 78' lang='grc' dir='ltr'><em>χέρσον,</em></span> 
     </span>
     <span class='ocr_line' id='line_1_20' title="bbox 91 1451 1530 1516; baseline 0.003 -21"><span class='ocrx_word' id='word_1_126' title='bbox 91 1467 189 1512; x_wconf 86' lang='lat' dir='ltr'>quo</span> <span class='ocrx_word' id='word_1_127' title='bbox 218 1459 409 1513; x_wconf 85' lang='lat' dir='ltr'>recepto</span> <span class='ocrx_word' id='word_1_128' title='bbox 445 1461 553 1514; x_wconf 83' lang='lat' dir='ltr'>apte</span> <span class='ocrx_word' id='word_1_129' title='bbox 587 1459 750 1511; x_wconf 83' lang='lat' dir='ltr'>perget</span> <span class='ocrx_word' id='word_1_130' title='bbox 788 1451 993 1516; x_wconf 72' lang='grc' dir='ltr'><em>ἄπορα</em></span> <span class='ocrx_word' id='word_1_131' title='bbox 1033 1456 1120 1514; x_wconf 60' lang='grc' dir='ltr'>γὰρ</span> <span class='ocrx_word' id='word_1_132' title='bbox 1159 1456 1302 1513; x_wconf 77' lang='grc' dir='ltr'><em>λόγον</em></span> <span class='ocrx_word' id='word_1_133' title='bbox 1342 1458 1530 1500; x_wconf 77' lang='grc' dir='ltr'><em>Αἰακοῦ</em></span> 
     </span>
     <span class='ocr_line' id='line_1_21' title="bbox 91 1528 1530 1581; baseline -0.001 -3"><span class='ocrx_word' id='word_1_134' title='bbox 91 1530 276 1580; x_wconf 79' lang='grc' dir='ltr'><em>παίδων</em></span> <span class='ocrx_word' id='word_1_135' title='bbox 313 1534 402 1578; x_wconf 90' lang='grc' dir='ltr'><em>τὸν</em></span> <span class='ocrx_word' id='word_1_136' title='bbox 435 1532 639 1578; x_wconf 74' lang='grc' dir='ltr'><em>ἅπαντα</em></span> <span class='ocrx_word' id='word_1_137' title='bbox 667 1548 755 1581; x_wconf 83' lang='grc' dir='ltr'><em>μοι</em></span> <span class='ocrx_word' id='word_1_138' title='bbox 789 1528 1022 1578; x_wconf 56' lang='grc' dir='ltr'><em>διελὲεῖν.</em></span> <span class='ocrx_word' id='word_1_139' title='bbox 1094 1529 1322 1576; x_wconf 83' lang='lat' dir='ltr'>Videntur</span> <span class='ocrx_word' id='word_1_140' title='bbox 1354 1541 1530 1577; x_wconf 85' lang='lat' dir='ltr'>veteres</span> 
     </span>
     <span class='ocr_line' id='line_1_22' title="bbox 92 1609 1530 1673; baseline 0.001 -18"><span class='ocrx_word' id='word_1_141' title='bbox 92 1609 152 1657; x_wconf 88' lang='lat' dir='ltr'>de</span> <span class='ocrx_word' id='word_1_142' title='bbox 183 1611 299 1656; x_wconf 84' lang='lat' dir='ltr'>mari</span> <span class='ocrx_word' id='word_1_143' title='bbox 331 1621 457 1657; x_wconf 79' lang='lat' dir='ltr'>extra</span> <span class='ocrx_word' id='word_1_144' title='bbox 489 1610 733 1656; x_wconf 79' lang='lat' dir='ltr'>columnas</span> <span class='ocrx_word' id='word_1_145' title='bbox 768 1610 976 1657; x_wconf 79' lang='lat' dir='ltr'>Herculis</span> <span class='ocrx_word' id='word_1_146' title='bbox 1012 1614 1250 1667; x_wconf 82' lang='lat' dir='ltr'>statuisse,</span> <span class='ocrx_word' id='word_1_147' title='bbox 1300 1611 1436 1673; x_wconf 86' lang='lat' dir='ltr'>quod</span> <span class='ocrx_word' id='word_1_148' title='bbox 1470 1611 1530 1658; x_wconf 89' lang='lat' dir='ltr'>de</span> 
     </span>
     <span class='ocr_line' id='line_1_23' title="bbox 89 1692 1530 1756; baseline -0.001 -17"><span class='ocrx_word' id='word_1_149' title='bbox 89 1695 350 1739; x_wconf 81' lang='lat' dir='ltr'>Britannico</span> <span class='ocrx_word' id='word_1_150' title='bbox 377 1695 560 1739; x_wconf 77' lang='lat' dir='ltr'>Tacitus</span> <span class='ocrx_word' id='word_1_151' title='bbox 583 1692 804 1754; x_wconf 55' lang='lat' dir='ltr'>Agricola</span> <span class='ocrx_word' id='word_1_152' title='bbox 838 1696 920 1737; x_wconf 86' lang='lat'>10:</span> <span class='ocrx_word' id='word_1_153' title='bbox 959 1709 1087 1737; x_wconf 81' lang='lat' dir='ltr'>mare</span> <span class='ocrx_word' id='word_1_154' title='bbox 1109 1694 1296 1756; x_wconf 84' lang='lat' dir='ltr'>pigrum</span> <span class='ocrx_word' id='word_1_155' title='bbox 1321 1702 1363 1736; x_wconf 84' lang='lat' dir='ltr'>ct</span> <span class='ocrx_word' id='word_1_156' title='bbox 1384 1708 1530 1752; x_wconf 82' lang='lat' dir='ltr'>grave</span> 
     </span>
     <span class='ocr_line' id='line_1_24' title="bbox 91 1770 1527 1838; baseline -0.002 -18"><span class='ocrx_word' id='word_1_157' title='bbox 91 1774 424 1837; x_wconf 81' lang='lat' dir='ltr'>remigantibus</span> <span class='ocrx_word' id='word_1_158' title='bbox 478 1773 731 1838; x_wconf 84' lang='lat' dir='ltr'>perhibent</span> <span class='ocrx_word' id='word_1_159' title='bbox 795 1789 850 1817; x_wconf 87' lang='lat' dir='ltr'>ne</span> <span class='ocrx_word' id='word_1_160' title='bbox 894 1774 1039 1817; x_wconf 88' lang='lat' dir='ltr'>ventis</span> <span class='ocrx_word' id='word_1_161' title='bbox 1085 1771 1279 1833; x_wconf 87' lang='lat' dir='ltr'>quidem</span> <span class='ocrx_word' id='word_1_162' title='bbox 1329 1770 1527 1833; x_wconf 85' lang='lat' dir='ltr'>proinde</span> 
     </span>
     <span class='ocr_line' id='line_1_25' title="bbox 91 1854 249 1901; baseline -0.006 -1"><span class='ocrx_word' id='word_1_163' title='bbox 91 1854 249 1901; x_wconf 79' lang='lat' dir='ltr'>attolli.</span> 
     </span>
    </p>

    <p class='ocr_par' dir='ltr' id='par_1_6' title="bbox 90 1936 1526 2645">
     <span class='ocr_line' id='line_1_26' title="bbox 186 1936 1526 2007; baseline 0 -26"><span class='ocrx_word' id='word_1_164' title='bbox 186 1938 262 1982; x_wconf 80' lang='grc'>89.</span> <span class='ocrx_word' id='word_1_165' title='bbox 297 1940 388 1985; x_wconf 81' lang='grc' dir='ltr'><em>τὸν</em></span> <span class='ocrx_word' id='word_1_166' title='bbox 416 1943 650 2007; x_wconf 72' lang='grc' dir='ltr'><em>Εὐφάνης</em></span> <span class='ocrx_word' id='word_1_167' title='bbox 673 1940 853 1985; x_wconf 61' lang='grc' dir='ltr'><em>ε’ἓέλων</em></span> <span class='ocrx_word' id='word_1_168' title='bbox 886 1939 1076 2002; x_wconf 76' lang='grc' dir='ltr'><em>γεραιὸς</em></span> <span class='ocrx_word' id='word_1_169' title='bbox 1111 1938 1377 2000; x_wconf 74' lang='grc' dir='ltr'><em>προπάτωρ</em></span> <span class='ocrx_word' id='word_1_170' title='bbox 1406 1936 1526 1988; x_wconf 86' lang='grc' dir='ltr'>ὁσός</span> 
     </span>
     <span class='ocr_line' id='line_1_27' title="bbox 92 2015 1526 2078; baseline -0.004 -12"><span class='ocrx_word' id='word_1_171' title='bbox 92 2021 332 2066; x_wconf 75' lang='grc' dir='ltr'><em>ἀείσεται.</em></span> <span class='ocrx_word' id='word_1_172' title='bbox 429 2017 718 2076; x_wconf 80' lang='lat' dir='ltr'>Scholiastae</span> <span class='ocrx_word' id='word_1_173' title='bbox 763 2018 962 2063; x_wconf 87' lang='lat' dir='ltr'>futurum</span> <span class='ocrx_word' id='word_1_174' title='bbox 1009 2024 1291 2078; x_wconf 82' lang='lat' dir='ltr'>agnoscunt:</span> <span class='ocrx_word' id='word_1_175' title='bbox 1344 2015 1526 2062; x_wconf 83' lang='grc' dir='ltr'><em>ὅντινα</em></span> 
     </span>
     <span class='ocr_line' id='line_1_28' title="bbox 92 2100 1525 2167; baseline -0.004 -20"><span class='ocrx_word' id='word_1_176' title='bbox 92 2103 375 2148; x_wconf 81' lang='grc' dir='ltr'><em>Καλλικλέα</em></span> <span class='ocrx_word' id='word_1_177' title='bbox 419 2102 502 2146; x_wconf 85' lang='grc' dir='ltr'>καὶ</span> <span class='ocrx_word' id='word_1_178' title='bbox 543 2104 568 2147; x_wconf 90' lang='grc' dir='ltr'>ὁ</span> <span class='ocrx_word' id='word_1_179' title='bbox 602 2104 832 2167; x_wconf 68' lang='grc' dir='ltr'><em>Εὐφάνης</em></span> <span class='ocrx_word' id='word_1_180' title='bbox 872 2103 896 2145; x_wconf 86' lang='grc' dir='ltr'>ὁ</span> <span class='ocrx_word' id='word_1_181' title='bbox 931 2100 1256 2163; x_wconf 73' lang='grc' dir='ltr'><em>πρεσβύτερος</em></span> <span class='ocrx_word' id='word_1_182' title='bbox 1297 2102 1393 2142; x_wconf 75' lang='grc' dir='ltr'><em>τῶν</em></span> <span class='ocrx_word' id='word_1_183' title='bbox 1427 2102 1525 2142; x_wconf 74' lang='grc' dir='ltr'>σῶν</span> 
     </span>
     <span class='ocr_line' id='line_1_29' title="bbox 92 2175 1526 2247; baseline -0.004 -19"><span class='ocrx_word' id='word_1_184' title='bbox 92 2182 365 2247; x_wconf 51' lang='grc' dir='ltr'><em>προγόνων,</em></span> <span class='ocrx_word' id='word_1_185' title='bbox 402 2179 437 2227; x_wconf 69' lang='grc' dir='ltr'>οῗ</span> <span class='ocrx_word' id='word_1_186' title='bbox 464 2183 791 2247; x_wconf 81' lang='grc' dir='ltr'><em>Τιμάσαρχε,</em></span> <span class='ocrx_word' id='word_1_187' title='bbox 828 2179 942 2242; x_wconf 58' lang='grc' dir='ltr'><em>οἴσει</em></span> <span class='ocrx_word' id='word_1_188' title='bbox 973 2181 1054 2225; x_wconf 84' lang='grc' dir='ltr'>καὶ</span> <span class='ocrx_word' id='word_1_189' title='bbox 1090 2180 1325 2237; x_wconf 82' lang='grc' dir='ltr'><em>ὑμνήσει,</em></span> <span class='ocrx_word' id='word_1_190' title='bbox 1378 2175 1526 2230; x_wconf 78' lang='grc' dir='ltr'><em>δηλα-</em></span> 
     </span>
     <span class='ocr_line' id='line_1_30' title="bbox 91 2253 1522 2319; baseline -0.004 -12"><span class='ocrx_word' id='word_1_191' title='bbox 91 2257 148 2316; x_wconf 81' lang='grc' dir='ltr'>δὴ</span> <span class='ocrx_word' id='word_1_192' title='bbox 181 2264 238 2314; x_wconf 83' lang='grc' dir='ltr'>ὡς</span> <span class='ocrx_word' id='word_1_193' title='bbox 272 2265 607 2310; x_wconf 54' lang='grc' dir='ltr'><em>ἀποθανόντα</em></span> <span class='ocrx_word' id='word_1_194' title='bbox 643 2261 927 2307; x_wconf 57' lang='grc' dir='ltr'><em>ἀποθανών.</em></span> <span class='ocrx_word' id='word_1_195' title='bbox 981 2262 1038 2311; x_wconf 85' lang='grc' dir='ltr'>ὡς</span> <span class='ocrx_word' id='word_1_196' title='bbox 1070 2257 1153 2304; x_wconf 81' lang='grc' dir='ltr'><em>ὅτι</em></span> <span class='ocrx_word' id='word_1_197' title='bbox 1189 2259 1270 2303; x_wconf 83' lang='grc' dir='ltr'>καὶ</span> <span class='ocrx_word' id='word_1_198' title='bbox 1307 2261 1356 2303; x_wconf 81' lang='grc' dir='ltr'><em>ἐν</em></span> <span class='ocrx_word' id='word_1_199' title='bbox 1395 2253 1522 2319; x_wconf 67' lang='grc' dir='ltr'><em>ᾅδου</em></span> 
     </span>
     <span class='ocr_line' id='line_1_31' title="bbox 91 2335 1523 2404; baseline -0.005 -15"><span class='ocrx_word' id='word_1_200' title='bbox 91 2345 216 2389; x_wconf 79' lang='grc' dir='ltr'><em>εἰσιν</em></span> <span class='ocrx_word' id='word_1_201' title='bbox 239 2345 287 2388; x_wconf 82' lang='grc' dir='ltr'>οἱ</span> <span class='ocrx_word' id='word_1_202' title='bbox 311 2344 663 2403; x_wconf 60' lang='grc' dir='ltr'><em>ἓαυμάζοντες</em></span> <span class='ocrx_word' id='word_1_203' title='bbox 687 2346 806 2393; x_wconf 82' lang='grc' dir='ltr'><em>τοὺς</em></span> <span class='ocrx_word' id='word_1_204' title='bbox 828 2337 1092 2404; x_wconf 74' lang='grc' dir='ltr'><em>ἀρίστους,</em></span> <span class='ocrx_word' id='word_1_205' title='bbox 1129 2339 1209 2384; x_wconf 83' lang='grc' dir='ltr'>καὶ</span> <span class='ocrx_word' id='word_1_206' title='bbox 1238 2336 1322 2383; x_wconf 81' lang='grc' dir='ltr'><em>ὅτι</em></span> <span class='ocrx_word' id='word_1_207' title='bbox 1348 2335 1523 2390; x_wconf 55' lang='grc' dir='ltr'><em>αἴσθη-</em></span> 
     </span>
     <span class='ocr_line' id='line_1_32' title="bbox 91 2418 1522 2487; baseline -0.006 -17"><span class='ocrx_word' id='word_1_208' title='bbox 91 2424 171 2476; x_wconf 86' lang='grc' dir='ltr'><em>σίς</em></span> <span class='ocrx_word' id='word_1_209' title='bbox 202 2427 343 2470; x_wconf 80' lang='grc' dir='ltr'><em>ἐστιν</em></span> <span class='ocrx_word' id='word_1_210' title='bbox 379 2428 427 2470; x_wconf 84' lang='grc' dir='ltr'><em>ἐν</em></span> <span class='ocrx_word' id='word_1_211' title='bbox 461 2429 648 2475; x_wconf 82' lang='grc' dir='ltr'><em>αὐτοῖς,</em></span> <span class='ocrx_word' id='word_1_212' title='bbox 733 2418 888 2464; x_wconf 84' lang='lat' dir='ltr'>Alius:</span> <span class='ocrx_word' id='word_1_213' title='bbox 939 2422 1117 2487; x_wconf 68' lang='grc' dir='ltr'><em>φησιν·</em></span> <span class='ocrx_word' id='word_1_214' title='bbox 1153 2424 1337 2470; x_wconf 81' lang='grc' dir='ltr'><em>ἐκεῖνος</em></span> <span class='ocrx_word' id='word_1_215' title='bbox 1363 2420 1389 2464; x_wconf 86' lang='grc' dir='ltr'><em>ὁ</em></span> <span class='ocrx_word' id='word_1_216' title='bbox 1420 2419 1522 2470; x_wconf 82' lang='grc' dir='ltr'><em>ἠλι-</em></span> 
     </span>
     <span class='ocr_line' id='line_1_33' title="bbox 91 2494 1519 2567; baseline -0.006 -16"><span class='ocrx_word' id='word_1_217' title='bbox 91 2506 265 2559; x_wconf 82' lang='grc' dir='ltr'><em>κιώτης</em></span> <span class='ocrx_word' id='word_1_218' title='bbox 296 2505 480 2567; x_wconf 61' lang='grc' dir='ltr'><em>οἴσεται</em></span> <span class='ocrx_word' id='word_1_219' title='bbox 506 2506 590 2550; x_wconf 80' lang='grc' dir='ltr'>καὶ</span> <span class='ocrx_word' id='word_1_220' title='bbox 618 2504 824 2564; x_wconf 79' lang='grc' dir='ltr'><em>ὑμνήσει</em></span> <span class='ocrx_word' id='word_1_221' title='bbox 853 2504 944 2548; x_wconf 88' lang='grc' dir='ltr'><em>τὸν</em></span> <span class='ocrx_word' id='word_1_222' title='bbox 972 2503 1283 2553; x_wconf 80' lang='grc' dir='ltr'><em>Καλλικλέα,</em></span> <span class='ocrx_word' id='word_1_223' title='bbox 1317 2501 1436 2551; x_wconf 82' lang='grc' dir='ltr'><em>τοὺς</em></span> <span class='ocrx_word' id='word_1_224' title='bbox 1468 2494 1519 2543; x_wconf 84' lang='grc' dir='ltr'>δὲ</span> 
     </span>
     <span class='ocr_line' id='line_1_34' title="bbox 90 2581 1519 2645; baseline -0.004 -15"><span class='ocrx_word' id='word_1_225' title='bbox 90 2583 277 2637; x_wconf 76' lang='grc' dir='ltr'><em>ἄλλους</em></span> <span class='ocrx_word' id='word_1_226' title='bbox 320 2588 631 2645; x_wconf 68' lang='grc' dir='ltr'><em>ὑμνήσουσιν</em></span> <span class='ocrx_word' id='word_1_227' title='bbox 675 2585 723 2628; x_wconf 83' lang='grc' dir='ltr'>οἱ</span> <span class='ocrx_word' id='word_1_228' title='bbox 764 2584 1035 2636; x_wconf 76' lang='grc' dir='ltr'><em>ἡλικιῶται.</em></span> <span class='ocrx_word' id='word_1_229' title='bbox 1088 2582 1333 2627; x_wconf 81' lang='grc' dir='ltr'><em>τουτέστι</em></span> <span class='ocrx_word' id='word_1_230' title='bbox 1375 2581 1431 2625; x_wconf 81' lang='grc' dir='ltr'><em>σὲ</em></span> <span class='ocrx_word' id='word_1_231' title='bbox 1470 2582 1519 2624; x_wconf 81' lang='grc' dir='ltr'>οἱ</span> 
     </span>
    </p>
   </div>
  </div>
 </body>
</html>
