1726 2912
167 64 228 105 &2

173 192 412 251 ἀῃελλων
455 191 661 252 Ἱέρωνος
700 189 822 248 ὑπὲρ
863 185 1153 230 καλλινίκου
1191 185 1420 245 ἅρμασί.)
1503 188 1605 247 Ly-

173 270 298 315 diam
334 265 625 312 harmoniam
657 262 916 309 adhibitam
943 280 1045 309 esse
1074 265 1300 324 reperies,
1337 262 1421 308 ubi
1453 265 1606 310 victo-

173 352 230 395 ris
260 359 393 412 pater
410 348 506 409 jain
529 347 645 390 vivis
672 347 894 402 excessit,
942 344 1012 390 Ol.
1045 344 1164 390 xlv.
1207 346 1334 390 Nem.
1360 345 1435 390 IV.
1512 345 1608 408 lgi-

172 443 245 476 tur
259 427 467 474 nondum
487 436 577 481 est,
612 442 698 470 cur
722 424 781 471 de
807 425 1022 490 periculo
1048 425 1238 470 civitatis
1264 423 1338 470 hic
1359 425 1608 489 significari

173 508 432 572 quidquam
468 514 690 568 putemuS.
760 506 840 549 His
873 515 1026 549 autem
1060 506 1263 567 exceptis
1291 505 1424 553 nullo
1442 506 1606 568 *verbo

173 589 378 635 meminit
417 596 556 649 poeta
602 585 953 647 Aeginetarum,
1004 587 1159 631 omnia
1205 603 1345 631 unum
1390 586 1608 634 Diuidem

172 672 363 733 ejusque
398 679 582 732 patrem
624 668 813 729 Megaiu
852 678 1073 729 spectant.
1165 666 1353 713 Videtur
1397 669 1610 731 juvenis,

174 768 266 815 quo
299 750 448 812 magis
482 747 766 806 excellebat,
825 765 882 794 eo
914 750 1132 810 graviore
1165 746 1408 794 laborasse
1442 750 1610 797 civium

172 830 360 878 invidia.
442 831 570 875 Hanc
596 845 782 874 causam
811 843 911 873 esse
941 825 1157 885 dixerim,
1194 844 1286 890 qua
1309 829 1468 874 tectius
1498 827 1612 875 lau-

174 912 332 968 datur,
381 927 467 957 nec
499 910 752 972 perspicuis
788 907 942 954 verbis
981 925 1085 954 eum
1125 912 1280 954 Aeaco
1313 920 1612 970 comparatur

174 1005 217 1040 et
240 995 432 1054 Cinyra,
479 1006 681 1052 quorum
715 989 864 1034 fuerat
898 997 996 1037 τῶν
1025 994 1253 1055 ἀρειόνων
1287 993 1473 1055 ἐρώτων
1506 996 1610 1039 ἐπι·-

176 1081 377 1138 κρατεῖν
401 1069 671 1119 δύνασθαι.
741 1069 918 1114 Retinet
943 1084 1016 1125 se,
1045 1071 1151 1130 quia
1176 1069 1348 1116 laudati
1371 1072 1455 1117 viri
1477 1072 1612 1117 etiam

175 1151 389 1199 laudator
430 1150 625 1197 odiosus
669 1160 735 1195 est
777 1148 1200 1207 obtrectatoribus,
1269 1168 1426 1214 neque
1469 1150 1614 1198 audet-

176 1248 397 1296 magnum
432 1228 596 1276 saltum
636 1229 713 1289 (cs.
745 1231 875 1275 Nem.
917 1229 975 1285 V,
1015 1230 1091 1277 19.
1133 1247 1238 1276 cum
1272 1242 1382 1278 nota
1415 1234 1614 1294 nostra),

177 1313 220 1360 h.
257 1331 298 1360 e.
334 1310 635 1375 splendidam
666 1309 850 1356 Diuidis
881 1309 1302 1375 praedicationem,
1350 1323 1393 1359 et
1424 1311 1616 1359 inaudi-

176 1407 296 1441 tam:
342 1395 491 1460 νεαρὰ
528 1391 569 1441 δ’
605 1393 866 1458 ἐξευρόντα
904 1388 1050 1450 δόμεν
1084 1395 1289 1457 βασάνῳ
1329 1400 1374 1447 ἐς
1406 1394 1613 1457 ἔλεγχον

178 1480 309 1533 ἅπας
336 1478 576 1530 κίνδυνος.
645 1473 759 1520 lnde
788 1476 944 1520 transit
974 1472 1035 1520 ad
1061 1473 1261 1520 invidiae
1287 1473 1434 1530 mala,
1468 1490 1616 1537 prae-

179 1560 316 1621 cipue
341 1558 385 1602 in
411 1557 562 1619 Ajacis
586 1556 763 1601 interitu
788 1556 1060 1618 conspicua,
1088 1554 1225 1619 quod
1247 1554 1448 1601 hominis
1467 1571 1617 1618 paene-

180 1639 312 1684 Attici
347 1636 613 1699 exemplum
643 1634 891 1694 Pindarus,
932 1638 969 1681 si
1003 1636 1310 1684 Athenienses
1350 1634 1616 1682 describere

180 1718 320 1764 vellet
356 1728 591 1780 tamquam
625 1718 808 1778 iniquos
837 1718 1065 1780 Aeginae,
1109 1734 1202 1762 non
1231 1717 1351 1763 bene
1387 1716 1616 1779 elegisset.

180 1798 364 1847 Deinde
389 1796 553 1853 docet,
594 1798 811 1843 virtutem
839 1795 999 1857 augeri
1026 1796 1146 1858 justa
1175 1794 1464 1852 laudatione,
1499 1811 1617 1858 qua-

183 1882 274 1926 lem
308 1895 427 1926 nunc
460 1877 556 1925 filio
595 1889 639 1924 et
673 1878 793 1940 patri
825 1877 1052 1941 impertit,
1099 1874 1243 1939 idque
1279 1876 1420 1923 veteri
1459 1892 1618 1934 more,

184 1974 288 2008 ante
313 1960 592 2007 Thebanum
616 1958 795 2005 bellurn
819 1959 917 2021 jan]
943 1959 1141 2021 cognito.

283 2045 357 2089 25.
394 2040 541 2087 Valde
554 2040 769 2087 notabilis
790 2040 927 2087 lectio
950 2041 1080 2086 unius
1097 2038 1401 2087 scholiastae:
1437 2042 1620 2103 ἄγλωσ.

188 2145 278 2175 σον
310 2122 366 2180 δή
400 2142 513 2172 τινα
544 2126 626 2170 καὶ
657 2126 880 2178 othotam»,
930 2121 1051 2187 ἦτορ
1084 2120 1133 2170 δὲ
1165 2122 1380 2183 οἴλκιμον
1419 2123 1502 2168 καὶ
1533 2124 1620 2168 ἀν·

189 2207 347 2272 δριῖον
373 2212 429 2254 ἐν
458 2209 485 2254 λ
503 2212 653 2271 υγρῲ
686 2208 853 2267 γήρει
881 2207 1083 2266 κατέχει
1100 2207 1224 2258 λήθη
1249 2202 1350 2265 [καὶ
1366 2199 1622 2262 θάνατος]

189 2287 360 2334 Inclusi
381 2285 561 2342 ultima,
599 2288 704 2347 quia
732 2285 887 2346 inepta
911 2293 1020 2328 sunt.
1093 2283 1261 2328 Versus
1283 2283 1346 2327 24
1373 2291 1415 2326 et
1437 2282 1502 2326 25
1530 2297 1623 2344 ge-

189 2367 398 2414 neralem
417 2365 590 2414 habent
606 2367 906 2412 sententiam:
944 2363 1149 2428 elingues
1169 2374 1210 2410 et
1231 2361 1468 2409 modestos
1484 2364 1624 2426 igno·-

190 2451 303 2506 rari‚
338 2465 426 2495 nec
458 2459 586 2511 grata
615 2448 840 2494 memoria
869 2444 985 2503 coli,
1021 2456 1279 2511 postquam
1301 2441 1492 2489 invalidi
1519 2442 1625 2490 facti

193 2530 281 2574 sint
305 2531 458 2586 senio,
493 2528 727 2592 gloriosos
755 2538 912 2574 contra
939 2537 984 2573 et
1008 2524 1257 2574 mendaces
1279 2524 1493 2572 homines
1517 2523 1625 2571 tanti

193 2624 378 2670 semper
410 2609 597 2664 haberi,
646 2611 801 2672 quanti
830 2625 879 2655 se
908 2610 995 2671 ipsi
1028 2607 1270 2656 venditent.
1355 2607 1506 2653 Versu
1533 2604 1626 2650 de·-
