1726 2912
196 51 255 94 22

198 195 255 225 eo
284 180 464 239 maJ’ore
491 174 657 221 labore
689 185 733 220 et
761 171 1026 218 difficultate
1052 170 1296 216 constabat
1324 186 1520 216 corona:
1553 171 1633 215 in-

197 270 267 304 ter
291 255 497 304 sedecim
522 272 615 301 nou
642 256 727 301 nisi
755 265 951 314 quatuor
976 253 1105 298 victis
1132 249 1408 297 adversariis
1432 249 1632 296 dabatur

194 340 474 405 praemium.
551 338 681 382 Paria
713 337 832 382 enim
867 332 1058 396 singulis
1096 331 1274 378 vicibus
1311 329 1504 377 dimidio
1536 332 1633 377 im-

195 419 544 474 minuebantur,
576 434 631 462 ex
661 418 820 479 primis
842 414 1047 460 sedecim
1075 424 1204 469 octo,
1241 430 1291 458 ex
1312 412 1383 457 his
1414 422 1633 475 quatuor,

197 517 251 546 ex
275 498 344 543 his
367 497 564 558 denique
589 496 682 540 duo
708 492 1113 556 relinquebantur,
1142 510 1343 556 quorum
1364 493 1633 538 alterutrum

197 580 315 625 vinci
337 577 595 640 oportebat.
662 580 707 622 In
731 577 895 622 ceteris
917 575 1192 621 athletarum
1216 578 1422 621 numeris
1448 585 1523 620 aut
1543 576 1634 620 im-

196 659 409 721 paribus,
445 668 516 702 aut
545 668 667 703 certe
696 658 865 718 impari
895 673 1096 701 numero
1127 655 1390 702 dividendis
1417 671 1636 702 necessa-

195 741 287 786 rius
312 749 407 785 erat
435 737 700 804 ephedrus,
727 736 809 782 sed
839 736 1032 783 diversis
1061 736 1342 782 rationibus:
1382 738 1418 782 si
1441 747 1532 782 tres
1560 752 1635 781 es-

195 831 316 879 sent,
351 821 530 877 tertius,
558 819 777 865 alterutro
800 818 1008 873 devicto,
1045 834 1245 880 pugnam
1265 816 1408 862 inibat
1427 834 1533 862 cum
1552 833 1637 863 re·-

195 901 354 965 liquo,
399 903 437 946 si
468 902 699 964 quinque,
747 901 934 962 quintus
969 916 1074 944 cum
1105 916 1186 955 eo,
1233 899 1315 961 qui
1350 915 1403 943 ex
1438 897 1634 944 duobus

195 982 390 1047 paribus
425 984 572 1028 victor
604 992 839 1046 superstes
875 991 1016 1039 esset,
1065 981 1101 1025 si
1132 997 1331 1039 novem,
1379 978 1504 1025 idem
1543 978 1637 1025 ob-

197 1062 393 1118 tinebat,
446 1079 503 1107 eo
547 1063 721 1123 majore
765 1059 962 1122 ephedri
1005 1060 1240 1115 felicitate,
1294 1077 1386 1123 quo
1424 1060 1636 1123 pluribus

199 1142 526 1188 certaminibus
573 1142 781 1205 fatigatus
825 1153 946 1187 esset
990 1143 1150 1188 victor.
1238 1143 1315 1187 Sin
1357 1157 1437 1187 sex
1489 1152 1639 1188 essent

199 1224 460 1286 congressi,
507 1221 749 1285 ephedrus
778 1232 875 1267 tum
906 1221 1093 1268 demum
1123 1222 1312 1277 exstitit,
1363 1239 1504 1285 quum
1543 1233 1639 1270 tres

197 1303 367 1350 devicti
394 1303 502 1350 loco
529 1313 783 1358 cesserant,
830 1312 871 1346 et
898 1319 1036 1347 unum
1066 1319 1152 1363 par
1178 1301 1386 1347 relictum
1411 1313 1532 1359 erat,
1581 1320 1638 1349 ex

200 1402 296 1448 quo
334 1386 411 1447 qui
451 1385 668 1446 superior
708 1382 940 1445 prodiret,
984 1384 1080 1443 jam
1119 1382 1396 1428 conserebat
1429 1400 1636 1446 pugnam

200 1481 305 1511 cum
340 1463 565 1529 ephedro.
648 1466 689 1508 Is
723 1465 858 1525 igitur
897 1462 991 1507 duo
1025 1465 1300 1521 certamina,
1350 1480 1442 1510 non
1486 1482 1639 1511 unum

202 1545 345 1591 modo
370 1545 579 1602 subibat,
614 1563 767 1608 neque
792 1544 879 1590 alia
903 1561 975 1590 res
1001 1556 1094 1590 erat
1118 1548 1161 1590 in
1189 1556 1391 1608 septem,
1429 1546 1507 1592 ubi
1533 1548 1640 1610 pri-

202 1644 332 1672 mum
361 1642 467 1684 sex,
504 1625 672 1672 deinde
693 1636 890 1688 quatuor
916 1643 1019 1671 cum
1045 1626 1294 1674 accedente
1320 1630 1512 1689 vicario,
1551 1628 1640 1675 de-

200 1709 342 1770 nique
375 1707 468 1753 duo
501 1708 796 1773 pugnabant,
834 1708 1000 1754 abesse
1026 1719 1183 1754 autem
1216 1711 1258 1754 in
1286 1709 1451 1756 ultimo
1480 1720 1640 1756 certa-

200 1789 324 1834 mine
354 1799 539 1854 poterat
571 1788 808 1858 ἕφεδρος,
854 1792 891 1834 si
928 1792 971 1835 in
1005 1790 1267 1851 penultimo
1307 1791 1452 1835 victus
1495 1801 1641 1848 esset;

202 1870 334 1915 etiam
364 1870 407 1914 in
440 1870 604 1915 decem
633 1869 703 1914 bis
736 1870 984 1932 oportebat
1012 1870 1139 1916 illum
1174 1887 1407 1933 pugnare3
1440 1873 1484 1916 in
1515 1870 1640 1916 duo-

203 1948 354 1996 decim
384 1967 497 1996 vero
529 1949 714 1997 duobus
746 1951 1072 1996 certaminibus
1105 1952 1334 1997 exantlatis
1369 1951 1566 1997 dabatur
1598 1954 1640 1999 ei

202 2032 409 2093 requies,
453 2029 563 2075 dum
591 2030 899 2093 confligebant
928 2031 1024 2077 duo
1051 2032 1239 2094 reliqui,
1282 2033 1444 2078 ultima
1479 2045 1637 2079 autern

203 2113 470 2157 commissio
509 2122 605 2155 erat
654 2113 833 2156 victoris
868 2128 969 2157 cum
1010 2112 1117 2167 illo,
1166 2116 1343 2158 tertium
1389 2124 1638 2176 pugnante.

202 2192 254 2237 In
278 2191 469 2254 reliquis
500 2193 702 2238 numeris
736 2191 928 2237 sufficiet
958 2193 1097 2254 signis
1136 2193 1403 2256 vulgaribus
1441 2196 1526 2240 uti:
1581 2198 1636 2240 11

204 2271 400 2319 athletae
418 2276 484 2318 sic
503 2272 861 2318 ordinabantur:
899 2276 981 2331 10,
1005 2277 1059 2331 6,
1085 2278 1138 2331 2,
1162 2278 1218 2319 2:
1260 2276 1349 2320 hoc
1371 2287 1464 2322 est:
1491 2275 1639 2339 ephe-

205 2352 315 2400 drus
342 2355 497 2420 primo
532 2363 575 2399 et
607 2355 736 2399 tertio
768 2353 875 2399 loco
914 2354 1108 2400 vacabat
1139 2358 1415 2414 certamine,
1464 2359 1507 2403 in
1539 2368 1640 2404 tre-

205 2432 356 2480 decim
399 2437 481 2490 12,
512 2436 564 2493 6,
595 2436 648 2493 4,
681 2438 732 2489 2,
781 2436 824 2479 in
854 2435 1117 2498 quindecim
1157 2440 1238 2495 14,
1269 2440 1324 2493 S,
1358 2441 1410 2496 4,
1442 2442 1496 2497 2,
1543 2438 1638 2486 hoc

207 2524 296 2559 est:
344 2517 547 2587 ἔφεδρος
583 2515 778 2562 vacabat
822 2518 862 2562 in
902 2520 1052 2582 prima
1090 2521 1433 2569 commissione.
1514 2523 1639 2567 Haec

205 2595 448 2660 explicatio
465 2599 501 2643 si
520 2615 625 2644 vera
643 2600 719 2656 sit,
755 2599 1105 2647 conciliabimus
1126 2601 1407 2664 Aeschylum
1423 2600 1639 2665 Choepb.
