1726 2912
164 50 230 98 36

169 177 251 224 lim
272 177 470 238 jungere
495 189 599 218 cum
621 169 811 220 ἐλπίδα.
880 169 937 216 cf.
964 169 1107 231 Soph.
1135 171 1285 232 Antig.
1312 172 1421 215 615.
1459 176 1491 218 ἁ
1519 175 1608 235 γὰρ

173 254 230 312 δὴ
261 257 651 315 πολύπλαγκτος
682 255 819 306 ἐλπὶς
849 255 1054 303 πολλοῖς
1080 253 1165 310 μὲν
1197 250 1375 305 ὄνασις
1402 251 1612 317 ἀνδρῶν,

174 341 379 390 πολλοῖς
410 333 449 382 δ’
475 338 649 381 ἀπάτα
683 334 973 401 κουφονόων
1005 333 1202 395 ἐρώτων.
1285 330 1505 376 Simonid.
1535 348 1610 394 up.

171 415 454 464 Selineidew.
491 412 663 459 Delect.
703 415 814 458 402.
866 417 1057 466 ἓνητων
1097 409 1138 457 δ’
1174 412 1308 478 ὄφρα
1342 433 1420 467 τις
1457 412 1612 467 α’νὲος

172 503 263 566 ἔχῃ
303 501 624 562 πολυήρατον
665 496 809 555 ἥβης,
855 500 1048 560 κουφον
1092 492 1220 550 ἔχων
1262 497 1428 555 ἓυμόν
1469 496 1613 542 πόλλ’

174 584 425 629 ἀτέλεστα
456 584 568 624 νοεῖ.
646 575 798 619 Etiam
836 571 1059 618 Pindarus
1098 581 1271 622 κενεάν
1308 574 1519 623 ἐλπίδων
1559 576 1612 620 N.

173 662 295 717 VIII,
324 659 400 704 45.
431 668 474 704 et
499 660 709 721 ταχείας
736 652 942 709 ἐλπίδας
972 657 1018 700 Ρ.
1044 657 1088 715 l>
1112 657 1189 701 83.
1219 654 1378 701 habet.
1449 653 1617 701 Glossa

174 744 219 788 in
239 753 400 788 nostro
417 738 522 786 cod.
546 750 609 785 est
639 742 893 807 ἐλαφρὰν,
928 740 1153 786 εὔκολον.
1223 735 1286 783 ib.
1323 744 1500 793 κτῆσιν
1527 753 1616 800 pro

178 826 364 873 κτίσιν.

275 907 350 950 83.
387 906 569 965 ἔπαιζε.
641 905 715 949 84.
752 908 846 952 σὺν
876 900 918 950 δ’
944 905 1116 949 ἐκείνω.
1188 902 1261 946 86.
1300 904 1462 966 βάλων
1491 900 1616 959 (sic).

175 988 252 1033 88.
275 989 477 1047 ὀλύμπω
506 996 550 1030 et
577 990 786 1052 ἀρχαῖαι
807 983 1059 1046 δ’ἐχοιται.
1128 984 1204 1027 92.
1231 986 1484 1042 μοίσαισι.
1554 979 1619 1028 ib·

178 1068 315 1116 εἴκων
353 1083 390 1111 c·
421 1065 481 1128 gl·
515 1068 645 1114 ἑκών.
725 1068 801 1110 93.
851 1065 1218 1127 ὠλιγαιὲίδαισί
1253 1067 1298 1112 τ’
1325 1067 1461 1127 ἔβαν.
1541 1064 1618 1108 95.

179 1149 218 1198 δ’
249 1152 609 1215 ἀμφοτέρωθεν
636 1147 809 1208 &Bc-22..
847 1148 969 1203 (sic).
1056 1148 1133 1191 99.
1180 1152 1246 1193 τὰ
1275 1148 1319 1192 ‘v'
1350 1148 1604 1206 ἐσσόμενα

178 1231 297 1275 Sane
328 1243 420 1272 non
445 1229 705 1272 necessaria
741 1225 994 1289 particulae
1024 1227 1227 1271 mutatio.
1299 1227 1405 1269 101.
1440 1230 1480 1272 εἰ
1512 1223 1619 1273 δαί-

178 1329 279 1373 μων
311 1314 336 1358 ὁ
366 1329 405 1371 γ.
434 1308 604 1373 ἕρποι,
644 1308 713 1357 διὶ
760 1310 876 1355 ἀὖτ’
916 1310 1120 1355 ἐγυαλίω
1152 1323 1188 1351 c.
1220 1306 1280 1368 gl.
1316 1309 1429 1354 τινί-
1516 1307 1621 1350 102.

179 1391 488 1456 παρνασσία.

281 1472 388 1515 103.
435 1475 483 1518 ἐν
515 1472 652 1533 οἴργει
679 1467 722 1517 δ’
755 1470 888 1519 ὄσσα
927 1468 1312 1515 consentientibus
1340 1469 1526 1531 optimis
1556 1467 1621 1514 li-

181 1551 305 1609 bris,
352 1561 394 1596 et
426 1548 701 1606 scholiasta,
746 1552 828 1612 qui
858 1550 1016 1596 scribit
1061 1554 1158 1599 όσα
1195 1570 1247 1598 τε
1282 1556 1329 1598 ἐν
1361 1556 1525 1616 Ἀργει
1567 1549 1618 1599 δὲ

182 1635 266 1683 καὶ
301 1637 350 1680 ἐν
377 1635 560 1694 Θήβαις
593 1633 739 1679 α’λλα.
807 1631 867 1676 ib.
904 1635 1036 1680 ὀσσα
1061 1634 1104 1681 τ’
1130 1636 1288 1698 ἀρκάσ
1302 1652 1346 1679 ιν
1371 1636 1620 1679 ἀνάσσων.

182 1716 474 1760 Hermannus
502 1711 660 1757 scribit
687 1718 949 1778 ἀνᾴσσων,
1001 1712 1366 1776 obsequentibus
1405 1711 1622 1759 omnibus

183 1805 368 1862 praeter
382 1792 640 1850 Tafelium,
675 1795 754 1855 qui
769 1804 892 1839 recte
909 1804 1091 1849 monet,
1130 1793 1400 1858 exemplum
1421 1810 1475 1838 ex
1492 1794 1622 1838 Nem.

182 1877 302 1932 Vlll,
327 1877 401 1920 40.
439 1875 648 1931 αὔξεται
681 1871 721 1921 δ’
749 1880 900 1941 ἀρετὰ
939 1879 1150 1939 χλωραῖς
1181 1880 1396 1941 ἐέρσαις,
1443 1879 1502 1929 ὡς
1536 1875 1622 1922 ὅτε

185 1955 411 2022 δένδρεον
442 1957 592 2019 ᾄσσει
626 1956 775 2000 minus
799 1972 900 2001 esse
923 1967 1095 2018 aptum.
1165 1954 1377 2001 Offendet
1403 1965 1556 2000 tamen
1579 1955 1624 1999 in

185 2043 445 2092 ἀνάσσων,
483 2034 611 2097 quod
641 2034 766 2080 idem
801 2038 852 2080 V.
877 2037 930 2079 1).
961 2038 1078 2081 tueri
1108 2046 1321 2091 conatur,
1358 2037 1624 2098 quicunque

186 2115 426 2164 attenderit
449 2115 510 2162 ad
531 2115 652 2162 hanc
673 2117 1090 2181 compositionem:
1127 2118 1249 2174 ἄναξ
1271 2120 1503 2164 ἀνάσσων
1519 2119 1623 2181 Ἀρ·

189 2205 309 2246 κάσι
335 2200 493 2262 βωμὸς
517 2202 762 2246 Λυκαίου.
831 2201 920 2243 Ara
947 2197 1049 2254 illa,
1071 2200 1114 2242 in
1137 2213 1318 2243 summo
1343 2207 1499 2241 monte
1522 2195 1627 2242 col-

186 2277 359 2332 locata,
408 2277 530 2324 unde
570 2279 615 2323 in
650 2279 898 2323 maximam
935 2277 1243 2341 Peloponnesi
1280 2287 1457 2340 partem
1500 2292 1625 2341 pro-

186 2369 372 2423 spectus
406 2358 625 2421 patebat,
663 2370 870 2404 montem
896 2359 1027 2421 quasi
1058 2358 1269 2404 tenebat:
1302 2359 1458 2420 itaque
1484 2374 1625 2420 mag-

185 2437 318 2485 nifice
345 2438 507 2485 dicitur
532 2456 555 2485 a
585 2450 719 2503 poeta
746 2444 906 2505 βωμὸς
931 2455 1029 2485 esse
1058 2441 1182 2497 ἅναξ
1209 2440 1448 2488 Λυκαίου.
1523 2439 1625 2482 Hoc

187 2518 448 2581 explicabat
469 2520 634 2584 aliquis
659 2520 898 2584 adscripto
930 2527 1190 2578 ἀνάσσων,
1228 2518 1357 2583 quod
1383 2520 1622 2582 interpre-

185 2608 435 2646 tamentum
456 2601 631 2648 sustulit
652 2603 901 2665 genuinam
927 2601 1112 2648 Pindari
1135 2617 1334 2648 manum.
1405 2602 1447 2647 Is
1471 2599 1622 2660 scrip-
