1726 2912
164 46 224 90 ⁷6

252 172 336 215 34.
369 168 494 214 Flor.
530 167 727 222 Beluae„
754 173 780 216 ὁ
810 167 849 216 3⁹
874 169 928 216 εὖ
950 172 1160 234 φράσθη
1178 202 1191 224 ,
1226 178 1279 212 ut
1307 170 1446 214 ceteri
1469 167 1598 216 Med.

834 312 924 359 Vl.

259 413 304 456 6.
353 409 628 474 Legendum
668 408 880 465 videtur,
923 409 1054 471 quod
1090 425 1202 455 unus
1241 409 1601 456 scholiastarum

161 492 271 555 legit
296 502 340 536 et
365 494 464 538 Par.
489 493 536 536 B.
564 490 787 556 praebet,
822 490 978 551 α’μμι,
1015 506 1107 535 non
1138 492 1284 547 enim,
1320 490 1452 553 quod
1489 508 1603 537 cur-—

160 573 301 617 rimus
326 570 386 617 ad
411 582 579 618 metam
605 572 877 633 primarium
907 580 998 627 est,
1034 569 1116 616 sed
1140 570 1268 633 quod
1298 570 1455 633 aliqua
1483 581 1600 616 meta

161 652 297 699 nobis
341 663 410 699 est
444 653 716 715 proposita,
764 650 861 707 vel,
911 662 956 696 ut
991 651 1115 697 idem
1155 654 1335 698 Graece
1375 651 1601 714 eloquar:

161 736 355 794 πότμος
392 751 484 778 non
520 734 729 799 ἔγραψεν
765 739 891 794 ἡμᾶς
931 733 1134 799 δραμεῖν
1172 731 1294 781 ποτὶ
1332 737 1600 793 σταὲμὴν,

160 813 273 860 sed:
310 815 519 880 ἔγραψεν
545 819 659 875 ἡμῖν
684 818 949 874 σταθμὴν,
987 816 1107 875 πρὸς
1135 814 1191 869 ἢν
1219 812 1422 879 δραμεῖν
1450 812 1536 861 δεῖ.

255 896 299 940 8.
345 899 604 961 τεκμαίρει
635 896 717 941 καί
746 914 835 942 νυν
866 897 932 941 Ἀ.
964 899 1024 941 τὸ
1057 899 1286 956 συγγενὲς
1321 893 1441 942 ἰδεῖν
1477 894 1601 958 οἵγχι

161 978 497 1043 καρποφόροις
541 978 826 1040 ἀρούραισι.
911 976 1061 1031 Quum
1101 984 1233 1018 antea
1276 972 1465 1029 dixerit,
1515 991 1602 1020 nos

161 1054 374 1101 homines
406 1053 559 1116 aliqua
595 1070 649 1097 ex
678 1062 807 1117 parte
835 1052 1007 1098 similes
1043 1068 1144 1098 esse
1178 1062 1221 1098 et
1252 1055 1384 1115 quasi
1416 1070 1606 1117 cogna-

161 1146 233 1182 tos
257 1134 484 1192 deorum,
531 1133 651 1179 hanc
674 1135 1002 1196 cognationem
1029 1134 1165 1180 simul
1198 1133 1365 1180 indicat
1395 1151 1487 1180 non
1518 1152 1603 1182 us·-

163 1233 442 1280 quequaque
479 1215 770 1261 manifestam
802 1230 916 1262 esse.
996 1217 1135 1262 Recte
1171 1226 1420 1278 propterea
1453 1214 1604 1262 scho—

162 1297 340 1343 liastam
370 1307 486 1359 puto
512 1297 783 1342 sententiam
814 1295 1084 1358 explicuisse
1117 1295 1186 1341 his
1215 1296 1397 1342 verbis:
1434 1297 1517 1345 ὅτι
1548 1296 1600 1345 δὲ

163 1386 408 1441 συγγενεῖς
436 1382 585 1437 ἐσμὲν
615 1384 712 1425 τῶν
740 1382 892 1431 Sem,
931 1382 956 1423 ὁ
985 1374 1293 1436 Ἀλκιμίδας,
1329 1381 1483 1443 φησὶ,
1519 1398 1606 1425 σα-

163 1465 253 1530 φὲς
286 1466 421 1506 ποιεῖ
453 1462 855 1522 τεκμηριοῦσθαι
881 1461 1021 1516 ἡμᾶς.
1062 1461 1128 1510 εἰς
1157 1457 1185 1504 ὂ
1212 1462 1303 1522 γὰρ
1335 1462 1416 1505 καὶ
1446 1462 1605 1513 αὐτὸς

162 1540 368 1604 ἔπραξε,
423 1545 484 1603 τῇ
520 1539 707 1605 εὐφυέα
750 1542 939 1585 ἑαυτοῦ
982 1535 1196 1594 ἐπέδειξε
1236 1543 1326 1593 τὴν
1372 1543 1492 1606 πρὸς
1540 1544 1600 1587 τὸ

163 1625 299 1668 θεῖον
327 1623 456 1678 ἡμῶν
487 1623 776 1679 συγγένειαν
812 1623 910 1665 κτὲ.
992 1620 1289 1663 Recentiores
1327 1620 1604 1682 interpretes

165 1704 226 1747 τὸ
253 1706 482 1762 συγγενὲς
517 1697 575 1743 ad
606 1697 830 1743 familiam
862 1698 1166 1743 Bassidaruni
1202 1698 1473 1755 retulerunt,
1511 1717 1604 1762 qua

164 1781 342 1826 ratione
369 1790 411 1825 et
437 1781 799 1844 comparationis
828 1778 1054 1841 splendor
1084 1781 1226 1841 perit,
1277 1797 1432 1842 neque
1464 1781 1605 1826 intel-

163 1860 317 1923 ligitur
344 1864 426 1908 καί
455 1880 572 1916 νυν,
612 1877 757 1922 quum
790 1858 981 1921 quidem
1011 1860 1074 1904 nil
1103 1859 1212 1905 dum
1244 1860 1408 1906 dixerit
1439 1860 1498 1907 de
1527 1863 1607 1908 vi-

165 1940 425 1987 cissitudine
457 1943 622 1987 virium
648 1942 954 1986 crescentium
982 1951 1026 1987 et
1049 1940 1412 1988 decrescentium
1437 1944 1483 1988 in
1510 1944 1607 1988 sin-

165 2021 284 2085 gulis
318 2022 546 2085 gentibus.

267 2105 340 2148 16.
377 2105 768 2170 πατροπάτορος
795 2104 1054 2164 ὁμαιμίου.
1125 2106 1296 2151 Mentio
1322 2107 1606 2168 consangui-

164 2185 315 2230 nitatis
356 2200 466 2230 saue
509 2199 881 2246 supervacanea,
941 2182 1029 2228 ubi
1077 2187 1294 2246 cogitatio
1343 2184 1605 2247 adoptionis

167 2264 311 2311 aliena
335 2282 359 2310 a
386 2282 536 2329 puero
564 2265 750 2310 victore.
821 2267 1065 2310 Praeterea
1092 2266 1309 2327 ὅμαιμος
1343 2270 1605 2329 (ὁμαίμιος

166 2344 260 2392 hoc
284 2363 372 2392 uno
398 2346 508 2393 loco
541 2345 737 2409 legitur)
782 2344 841 2391 de
876 2345 1096 2391 fratribus
1137 2346 1392 2409 intelligunt
1427 2359 1606 2395 veteres

167 2439 349 2491 poetae.
427 2427 565 2487 Quod
599 2439 748 2474 autem
784 2429 1035 2473 maximum
1069 2438 1160 2483 est,
1196 2426 1272 2473 hic
1302 2444 1460 2474 versus
1492 2445 1609 2474 cor-

168 2511 428 2570 ruptionem
455 2519 617 2574 aperte
644 2526 759 2575 prae
785 2525 835 2555 se
864 2510 975 2567 fert,
1009 2511 1046 2555 si
1073 2510 1286 2556 conferre
1314 2509 1429 2556 velis
1456 2509 1608 2558 scho-

169 2586 345 2633 liastam
373 2589 434 2634 ad
464 2589 668 2652 epodum
699 2611 726 2653 γ
756 2594 845 2650 (VS.
863 2593 977 2649 62J:
1014 2592 1130 2656 ὅπερ
1158 2593 1304 2658 εὖχος
1329 2594 1409 2640 καὶ
1434 2610 1604 2653 σεμνο·
