1726 2912
1510 61 1541 104 3

106 186 235 231 ribus
271 184 440 250 epodis
475 186 518 231 in
556 195 750 249 utroque
783 185 893 232 loco
928 183 1197 250 depravatis
1232 187 1540 233 metricorum

106 265 344 330 diligentIa
373 264 579 328 reliquas
610 282 801 329 quoque
824 266 1003 313 invasit.
1082 267 1311 332 Suspicor
1338 268 1383 313 in
1411 269 1541 314 tertia

107 346 292 393 dedisse
317 345 561 391 Pindarum
589 351 762 413 κόρας·
792 353 817 396 ὁ
842 353 989 410 μέγας
1013 346 1054 395 δ’
1074 345 1161 395 ὦδε
1189 346 1412 403 κίνδυνος
1439 356 1540 398 κτὲ.

107 426 351 490 Quidquid
375 427 541 474 excidit
568 439 672 491 post
702 434 849 491 μέγας
878 429 936 485 δ’,
972 427 1176 474 Stohaeo
1205 438 1251 474 et
1280 427 1380 474 aliis
1412 429 1543 476 salvxi

107 509 327 555 sententia
356 509 564 553 omittere
588 507 767 553 licebat.
836 512 885 554 In
914 520 1073 572 quarta
1103 525 1193 575 pro
1220 521 1315 559 σὺν
1347 511 1543 577 ἅρματι

109 593 214 653 Soc?
242 599 421 651 poterat
445 587 653 634 scribere
684 609 728 636 σ.
758 593 804 635 ἁ.
830 600 1065 656 κραιπνῷ.

209 671 285 714 24.
319 668 451 714 deest
474 675 535 717 ἐν.
605 669 679 713 26.
716 671 867 726 ἐξεῖλε

208 751 284 794 28.
331 749 359 806 ἦ
395 755 646 811 ἓαῦματὰ
682 755 846 798 πολλά
888 751 1008 809 (sic).
1097 751 1239 810 Quod
1279 751 1548 798 Eustathius

111 830 172 878 ad
202 829 251 877 ll.
277 832 400 886 303,
427 832 489 874 22
525 833 670 891 (Bas.)
706 841 747 876 et
779 832 979 877 Joannes
1007 832 1239 878 Diaconus
1271 831 1331 878 ad
1361 831 1548 878 Hesiod.

111 914 232 959 Scut.
260 914 379 969 154,
414 928 499 957 nec
523 928 613 957 non
638 910 916 957 scholiastae
941 910 1001 957 ad
1028 911 1069 957 h.
1099 912 1128 959 l.
1154 911 1391 975 legerunt,
1428 920 1550 962 Sav-

113 998 252 1058 ματὰ
282 993 358 1040 hic
382 1009 488 1038 cum
505 993 696 1056 vulgata
719 994 929 1055 (Heynii)
953 1000 1130 1055 <ὲαῦμα
1148 998 1216 1042 τὰ
1244 993 1414 1040 eodem
1439 1011 1551 1041 mo·-

112 1074 174 1122 do
199 1075 465 1132 confusum,
501 1091 594 1138 quo
619 1091 758 1137 supra
788 1079 1130 1141 ἱπποχάρμάν.
1199 1077 1301 1121 Non
1325 1076 1554 1122 assentior

114 1158 327 1203 Dissenio
357 1158 594 1203 revocanti
625 1162 888 1217 θαύματα.

208 1237 271 1282 ib.
322 1236 405 1285 καί
445 1244 543 1285 πού
579 1257 662 1285 τοι
702 1241 894 1305 βροτῶν
928 1241 1086 1302 φάτις
1115 1240 1234 1303 ὑπὲρ
1262 1240 1355 1286 τὸν
1389 1241 1555 1294 ἀληθῆ

115 1321 280 1380 λόγον.
368 1318 541 1362 Verum
571 1333 671 1362 esse
707 1321 865 1385 φάτις
904 1316 1235 1362 demonstravit
1266 1319 1554 1363 Hermannus

116 1401 285 1464 Opusc.
312 1398 394 1454 VI,
429 1400 477 1454 1,
509 1398 584 1442 35.
654 1396 909 1454 Quomodo
938 1403 1120 1466 φάτις,
1158 1397 1306 1454 fama,
1343 1396 1556 1461 decipia—

115 1489 186 1524 tur
225 1494 249 1523 a
290 1476 482 1539 mythis,
531 1493 669 1522 nemo
708 1475 842 1522 facile
882 1476 1165 1542 explicuerit.
1245 1483 1411 1535 ἀληὲῆ
1446 1495 1557 1525 cum

119 1557 337 1605 omnibus
373 1556 613 1603 codicibus
653 1559 791 1603 etiam
827 1559 966 1621 Greg.
1004 1560 1109 1605 Cor.
1150 1575 1194 1621 p.
1219 1561 1283 1604 90
1309 1558 1379 1605 ed.
1408 1561 1557 1607 Koen.

120 1638 279 1687 habet.
348 1642 422 1685 30.
456 1641 547 1689 ἅτε
577 1641 796 1689 ἅπαντα.
866 1643 942 1685 34.
979 1645 1253 1708 μάρτυροι,
1276 1630 1558 1688 ἙοιπιειἨο-

120 1722 320 1781 merim,
364 1737 454 1766 non
487 1720 741 1767 Pindarica.
811 1722 1181 1785 Suprascriptum
1218 1728 1264 1777 ἐς
1346 1725 1424 1769 38.
1472 1726 1557 1794 φῖ·

121 1807 237 1859 λην,
275 1813 406 1848 antea
433 1800 577 1848 habet
604 1805 693 1850 τὸν
720 1805 1073 1863 εὐνομώτατον
1098 1808 1190 1859 εἰς,
1227 1803 1435 1866 ἔρανον,
1472 1818 1525 1873 φ.

220 1886 296 1927 41.
331 1889 602 1948 χρυσέαισι
626 1887 717 1931 κάν
742 1882 930 1936 ἵπποις.
967 1901 1086 1944 non,
1112 1895 1157 1929 ut
1175 1882 1445 1930 Boeckhius
1469 1900 1560 1929 an-

121 1964 317 2016 notavit,
346 1985 396 2029 χ.
415 1964 505 2011 κοῖν
529 1964 712 2018 ἵπποις.
781 1962 947 2010 Glossa
975 1964 1276 2011 interlinearis
1303 1963 1559 2027 adscripta:

123 2048 207 2093 καὶ
236 2051 302 2092 ἐν.
369 2042 649 2107 Legendum
678 2042 858 2089 videtur
882 2060 988 2089 cum
1013 2043 1256 2091 Schmidio
1286 2048 1560 2112 χρυσέαισί

124 2129 168 2174 τ’
189 2129 264 2173 ἀν’
288 2129 319 2174 ἱ,
391 2127 469 2172 42.
505 2130 809 2190 μεταβᾶσαι.
878 2128 953 2171 46.
999 2132 1057 2182 ὡς
1082 2127 1132 2176 δὲ
1161 2130 1408 2196 ἄφαντος.
1481 2128 1558 2173 48.

124 2211 197 2256 ἐπ’
222 2212 399 2269 ἀκμάν.

221 2290 296 2333 50.
349 2289 573 2339 δεύτατα
617 2305 720 2336 curn
762 2288 822 2353 gl.
855 2290 1147 2357 λεπτότερα.
1223 2288 1280 2335 cf.
1310 2290 1558 2336 Hermann.

126 2367 155 2414 l.
180 2384 217 2414 c.
242 2385 287 2431 p.
307 2370 386 2416 56.
464 2372 540 2416 52.
573 2375 683 2431 ἐμοὶ
711 2371 754 2420 δ’
777 2371 969 2435 ἄπορον
996 2387 1033 2418 e.
1059 2370 1119 2433 gl.
1147 2369 1414 2419 ἀδύνατον.
1484 2372 1562 2416 vi·-

128 2447 211 2507 de,
241 2466 362 2512 quae
385 2450 445 2495 ad
471 2468 533 2497 vs,
555 2454 630 2496 23.
659 2452 719 2497 de
742 2451 832 2498 hac
856 2450 1054 2498 lectione
1077 2450 1308 2516 disputavi
1337 2460 1379 2496 et
1402 2450 1460 2496 cf.
1491 2449 1560 2495 ol.

128 2532 209 2591 XI,
239 2532 317 2576 40.
395 2532 470 2577 53.
521 2529 779 2594 ἀκέρδειαν
806 2542 849 2577 et
874 2537 1145 2598 κακάγορος
1177 2548 1201 2576 c
1242 2530 1301 2593 gl.
1332 2534 1461 2579 κακὰ
1486 2536 1562 2579 λε’·

129 2631 234 2673 γων.
302 2611 365 2657 ib.
400 2616 619 2675 λέλογχε.
688 2613 764 2656 57,
799 2615 896 2659 τάν
919 2616 968 2658 οἱ
993 2631 1041 2659 π.
1108 2613 1185 2657 58.
1222 2610 1297 2658 ἀεὶ
1321 2621 1366 2655 et
1388 2617 1559 2675 εὐφρο·
