1726 2912
1499 70 1531 112 9

92 199 298 245 scribere
324 198 574 246 Pindarus:
619 207 716 248 τῶν
755 201 960 266 ὅρμοισι
997 204 1145 265 χέρας
1189 202 1531 247 ἀναπλέκοντι

95 283 177 327 καὶ
209 285 516 349 στεφάνοισι
547 284 780 348 κεφαλάς.

193 389 268 433 83.
304 391 527 455 ὀρθαῖσι.
596 389 673 433 84.
709 388 765 436 ὃν
796 392 960 456 πατὴρ
995 388 1097 452 ἔχει
1126 395 1215 451 γᾶς
1244 388 1450 449 ἕτοιμόν
1481 407 1531 451 γε

95 475 232 531 αὐτῷ
258 468 513 536 πάρεδρον.
583 468 828 534 Adscripta
854 480 919 515 est
952 467 1067 514 haec
1093 479 1229 514 nota:
1277 467 1532 534 ῥαδάμαν·

93 554 191 597 θυν
219 555 245 598 ὁ
276 555 473 598 πάντων
498 554 660 609 πατὴρ
697 555 870 615 κρόνος
903 556 928 598 ὁ
960 560 1073 605 παῖς
1101 558 1190 607 τῆς
1218 556 1299 612 γῆς
1329 555 1355 598 ὁ
1384 552 1534 603 πόσις

95 638 181 689 τῆς
206 636 319 694 ῥέας
349 638 434 686 τῆς
462 636 674 694 ἐχούσης
705 630 902 678 ὕπατον
933 633 1118 696 θρόνον
1151 632 1255 694 ἔχει
1289 627 1532 695 πάρεδρον

95 717 256 774 ἑαυτῷ
283 709 492 772 ἕτοιμον
525 717 608 758 καὶ
645 716 702 758 οὐ
735 714 1052 777 κεχώρισται.
1133 725 1176 755 V.
1211 711 1286 755 85.
1332 710 1532 760 ὕπατον

92 792 302 853 ἐχοίσας
319 800 432 845 παῖς
445 797 643 858 θρόνον.
713 788 867 835 Schol.
893 788 951 836 ad
975 792 1121 845 πόσις
1140 793 1202 839 (ἓν
1223 794 1381 846 ‘Pe-'0:132
1417 798 1532 846 παῖς

95 871 147 922 δὲ
171 880 259 929 τῆς
288 874 485 921 ὕπατον
514 878 726 938 ἐχούσης
757 876 952 939 θρόνον.
1002 879 1089 927 τῆς
1122 877 1279 929 Πίσης
1313 877 1403 934 γὰρ
1435 880 1533 920 τῶν

93 957 320 1002 Τιτάνων
347 959 372 1002 ὁ
401 957 609 1019 θρόνος,
647 953 696 1000 οἳ
725 960 817 1009 Γῆς
846 954 970 1000 εἰσὶν
1002 956 1117 1001 υἱοί.
1155 956 1338 1020 θρόνον
1365 952 1416 1001 δὲ
1446 958 1534 1001 αὐ-

92 1043 188 1082 τοῦ
212 1039 452 1096 μέγιστον
482 1038 739 1099 εἰληφέναι
766 1040 822 1088 ὡς
849 1041 1015 1081 πάντα
1042 1039 1296 1099 φέρουσαν
1325 1036 1406 1081 καὶ
1436 1041 1534 1082 τοῦ

94 1120 288 1178 κόσμου
328 1118 654 1177 νομιζομένην
696 1114 824 1162 εἶναι
859 1120 983 1162 θεοῖν
1020 1118 1242 1180 τροφὸν,
1283 1121 1340 1168 ὡς
1380 1118 1459 1163 καὶ
1509 1120 1534 1162 ὁ

97 1200 302 1252 ποιητὴς
323 1215 329 1218 ·
357 1195 581 1262 ζείδωρον
603 1199 837 1262 ἄρουραν.
871 1196 986 1239 Hinc
1006 1195 1226 1256 conjicio,
1257 1194 1395 1241 fuisse
1412 1199 1537 1240 scri—

92 1285 223 1338 pturn
253 1292 277 1320 a
309 1287 474 1338 poeta:
526 1278 583 1323 ὅν
625 1297 670 1335 γε
711 1284 826 1330 ,ταῖς
868 1275 974 1334 ἔχει
1010 1282 1108 1329 Γᾶς
1146 1280 1351 1335 ἑτοῖμον
1397 1283 1537 1340 αὐτῷ

95 1355 350 1421 πάρεδρον.
420 1358 534 1399 Nam
560 1355 802 1400 lectionem
833 1363 917 1416 γᾶς
942 1365 1122 1398 veteres
1146 1353 1425 1401 scholiastae
1447 1372 1536 1401 no-

95 1446 277 1492 verant,
320 1452 415 1498 qua
446 1444 631 1497 recepta
662 1445 784 1480 stare
815 1435 973 1496 nequit
1007 1438 1201 1499 πατηρ,
1250 1433 1449 1480 sortasse
1481 1452 1535 1481 ex

95 1532 159 1562 vs.
187 1517 259 1561 19.
291 1514 532 1579 illapsum,
569 1516 789 1576 quoniam
818 1515 861 1558 in
892 1510 1083 1560 scholiis
1111 1512 1279 1575 legitur
1313 1520 1337 1562 (j
1370 1519 1533 1580 πατὴρ

93 1602 301 1645 πάντων.
383 1594 663 1660 Scrupulum
695 1603 848 1640 tamen
878 1593 1020 1654 injicit
1051 1591 1295 1638 trochaeus
1327 1609 1415 1658 pro
1442 1595 1534 1639 tri-

95 1675 286 1723 hracho,

192 1787 268 1831 93.
316 1791 598 1855 φωνάεντα.
647 1789 691 1838 ἐς
721 1783 772 1832 δὲ
800 1786 860 1831 τὸ
890 1792 990 1830 πᾶν
1077 1785 1284 1828 Revocat
1315 1799 1364 1828 se
1395 1798 1419 1827 a
1454 1781 1533 1828 di·-

94 1868 357 1929 gressione,
394 1882 517 1926 quae
547 1864 689 1927 vulgo
718 1875 903 1926 poterat
934 1864 1080 1909 aliena
1115 1863 1285 1921 videri,
1321 1880 1374 1908 ac
1400 1864 1534 1909 veri-

93 1945 243 1992 simile
273 1955 339 1992 est
366 1944 578 1991 aemulos
610 1946 654 1990 in
683 1943 882 1990 Pindaro
915 1945 1051 1990 etiam
1089 1942 1182 1989 hoc
1214 1945 1532 2008 vituperasse,

94 2023 228 2089 quod
263 2025 416 2087 abripi
452 2040 501 2070 se
538 2035 778 2086 pateretur
817 2026 990 2086 impetu
1026 2023 1233 2086 quodam
1275 2034 1448 2070 remota
1489 2034 1533 2070 et

93 2105 475 2174 ἀπροσδιόνυσά
510 2104 814 2150 immiscendi.
883 2103 991 2150 vide
1034 2107 1162 2150 Nem.
1204 2106 1285 2160 lV,
1326 2107 1389 2150 33
1428 2122 1532 2168 sqq.

93 2187 191 2232 Hos
221 2203 339 2232 nunc
368 2187 539 2248 carpit,
575 2185 835 2248 significans
867 2185 956 2231 tela
986 2202 1067 2231 sua
1098 2187 1286 2231 minime
1321 2202 1347 2230 a
1381 2201 1530 2248 scopo

96 2267 341 2313 aberrare:
377 2268 557 2330 quippe
574 2266 890 2328 superioribus
912 2283 995 2328 per
1011 2266 1149 2322 Pelei,
1171 2265 1349 2322 Cadmi,
1369 2264 1529 2311 Achil-

94 2346 243 2410 lisque
270 2363 494 2413 personas
524 2348 678 2411 ipsum
705 2346 972 2392 'sheronem
1006 2345 1258 2408 descripsit.
1324 2349 1393 2391 Ac
1422 2344 1528 2392 talia

97 2431 213 2492 βέλη
243 2427 388 2473 multa
412 2443 528 2474 suae
553 2427 749 2472 inclusas
778 2425 922 2471 habet
949 2425 1208 2488 pharetrae.

188 2538 295 2583 100.
344 2541 620 2605 ἀκράγαντι
650 2542 932 2589 τανύσσαις
973 2551 1007 2579 c·
1039 2534 1098 2597 gl.
1130 2540 1339 2594 πέμψον.
1421 2536 1527 2579 101.

92 2617 395 2681 αὐδάσομαι.
466 2616 854 2667 105.ἀλλάἷνον
869 2619 1033 2679 ἐπέβα.
1104 2618 1210 2664 106.
1235 2616 1364 2681 δίκᾳ.
1403 2618 1524 2662 Raro
