1726 2912
84 74 184 125 εὖ

158 198 200 247 δ’
220 199 271 247 ἔν
300 216 356 246 τε
381 194 749 262 φορμίγγεσσιν
783 196 832 240 ἐν
864 196 1029 239 αὐλῶν
1060 209 1114 237 τε
1147 192 1441 255 παμφώνοις
1478 194 1591 251 ὁμο-

161 284 316 333 κλαῖς.
400 275 469 321 01.
509 275 571 332 V,
614 275 686 319 19.
741 277 909 327 ἱκέτας
947 276 1094 319 σέθεν
1134 270 1351 334 ἔρχομαι
1386 268 1594 320 Λυδίοις

161 362 330 408 ἀπύων
365 363 416 405 ἐν
459 359 646 411 αὐλοῖς.
728 355 855 400 Haec
891 351 1113 399 sufficiant
1154 368 1206 396 ex
1246 351 1397 398 multis
1440 367 1596 414 pauca

161 436 391 504 exempla.
469 435 608 495 Quod
635 447 782 481 autem
808 446 903 479 tum
934 431 1055 478 nude
1082 433 1284 495 positum
1318 438 1367 482 ἐν
1397 435 1482 480 ὀπὶ
1519 433 1599 478 vi·-

163 520 373 576 debitur,
419 516 621 563 vindicet
654 532 680 561 a
711 514 998 561 dubitatione
1026 512 1160 560 locus
1198 516 1246 559 P.
1284 514 1347 570 V,
1379 515 1457 558 83.
1503 518 1598 562 σὺν

165 605 336 664 Ἑλένᾳ
367 604 456 665 γὰρ
486 599 645 659 μόλον
674 599 1021 644 καπνωὲεῖσαν
1052 598 1249 659 πάτραν
1277 594 1382 640 ἐπεὶ
1413 591 1521 640 ἴδον
1549 596 1600 640 ἐν

160 682 308 747 ”Ἀρει.
347 689 390 725 et
419 678 484 724 sic
508 678 540 721 Ι.
569 676 657 732 IV,
688 677 765 720 53.
804 675 887 723 καὶ
917 681 1006 722 νῦν
1036 679 1083 721 ἐν
1105 674 1235 739 ’Ἄρει
1262 699 1328 706 --
1355 675 1499 728 πόλις
1526 672 1603 720 Αἴ-

167 780 318 815 αντος
348 763 628 827 ὀρὲωὲεῖσα
665 761 767 804 κτὲ.
850 755 939 811 Qui
970 760 1020 802 ἐν
1041 756 1172 820 ’Ἀρει
1206 754 1410 818 scripsit,
1455 754 1604 816 potuit

167 842 302 887 etiam
327 846 376 889 ἐν
403 842 500 888 ὀπί.
567 837 756 882 Metrica
774 833 976 898 denique
997 833 1238 880 difficultas
1260 850 1352 880 non
1376 844 1466 891 est,
1495 850 1603 880 nam

167 923 234 968 sic
263 917 597 968 describendus
629 932 816 964 versus:

621 1000 667 1016 A
750 999 795 1014 Α

482 1020 488 1038 1
981 1019 984 1028 .

434 1039 566 1086 u=⁴===-
612 1020 697 1085 ὀυυ
741 1018 826 1102 Qu
872 1067 915 1075 -·
962 1025 1089 1083 ’Lu-U-

169 1124 363 1169 creticus
390 1123 434 1166 in
464 1136 695 1184 paeonem
725 1130 935 1182 quartum
965 1118 1138 1164 solutus
1172 1129 1241 1164 est
1271 1120 1407 1164 etiam
1441 1127 1528 1164 ant.
1558 1137 1607 1164 α.

170 1206 214 1250 3.
248 1208 400 1270 χάριν
432 1203 560 1263 οἴγων
593 1204 657 1259 (v.
690 1202 798 1259 ll),
850 1217 941 1261 qua
969 1201 1014 1244 in
1041 1198 1152 1245 sede
1185 1209 1253 1244 est
1286 1210 1360 1244 Str.
1388 1201 1430 1243 3.
1464 1202 1609 1263 eHpoc·

173 1288 324 1340 κλέης.
403 1282 545 1328 Plane
581 1280 787 1327 similiter
832 1279 1172 1326 conformatum
1208 1290 1275 1326 est
1318 1278 1483 1342 fragm.
1519 1279 1611 1334 97,

176 1362 304 1426 quod
335 1361 481 1408 modo
516 1360 734 1416 laudavi,
772 1358 876 1405 vide
906 1357 1079 1404 modo:

303 1448 467 1507 ψυχαὶ
504 1440 547 1489 δ’
582 1444 792 1503 ἀσεβέων
828 1444 1131 1506 ὑπουράνιοι

303 1527 424 1588 γαίᾳ
451 1530 709 1571 πωτῶνται
739 1528 789 1569 ἐν
819 1523 994 1583 ἄλγεσι
1026 1523 1224 1588 φονίοις

304 1607 403 1652 ὑπὸ
435 1605 661 1665 ζεύγλαις
690 1607 943 1671 ἀφύκτοις
976 1609 1146 1650 κακῶν.

305 1686 541 1747 εὐσεβέων
575 1680 616 1730 δ’
645 1687 939 1749 ἐπουράνιοι

308 1768 518 1814 νάοισαι
547 1767 748 1831 μάκαρα
777 1768 931 1826 μέγαν
962 1761 1176 1810 ἁείδοντ’
1201 1766 1250 1810 ἐν
1275 1761 1466 1824 ὕμνοις.

178 1845 401 1892 Ultimum
437 1859 621 1890 versum
658 1844 723 1889 sic
761 1842 917 1887 malim
953 1844 1202 1904 scriptum:
1249 1845 1459 1890 νάοισαι
1490 1845 1615 1904 μέγα

177 1932 399 1991 μάκαρας
431 1923 644 1974 ἀείδοντ’
672 1931 722 1974 ἐν
749 1927 940 1986 ὕμνοις.

275 2008 351 2052 16.
389 2012 537 2066 σφίσι
563 2010 783 2067 κόμησον
810 2021 847 2049 c.
864 2004 922 2066 gl.
948 2009 1226 2065 ἐπιμελείας
1245 2006 1473 2060 ἀξίωσον.
1540 2002 1618 2046 24.

180 2090 399 2150 ἀναβᾱσ’
425 2089 578 2150 ὄλβον
605 2101 641 2130 c.
664 2084 723 2147 gl.
751 2092 1023 2147 ὑψωὲεῖσα.
1093 2086 1168 2130 25.
1206 2084 1255 2132 δὲ
1288 2092 1466 2132 πιτνεῖ.
1536 2083 1615 2128 29.

180 2178 291 2233 post
317 2170 525 2220 Παλλὰς
550 2170 623 2214 ἀεὶ
654 2164 798 2211 habet
825 2170 1060 2233 φιλέοντι
1086 2165 1134 2214 δὲ
1159 2174 1345 2228 μοῖσαι.
1421 2165 1497 2208 33.
1528 2161 1618 2208 ha-

179 2248 260 2295 bet
298 2252 489 2314 βροτῶν
526 2268 574 2310 γε
607 2252 841 2313 κέκριται.
920 2248 995 2291 34.
1035 2251 1181 2313 πέρας
1266 2246 1340 2290 35.
1378 2242 1533 2292 παῖδα
1566 2250 1616 2299 ἡκ

182 2331 307 2377 λίου.
374 2331 450 2374 37.
485 2331 599 2397 ῥοαί
621 2327 661 2376 δ’
692 2330 811 2388 (sic).
879 2330 954 2374 38.
986 2335 1234 2388 εὐθυμιᾶν
1255 2348 1309 2375 τε
1333 2330 1475 2389 μέτα.
1542 2326 1619 2370 42.

181 2414 438 2477 μόρσιμος.
511 2410 586 2454 47.
614 2408 760 2455 habet
780 2414 1022 2477 ἐριπέντι,
1054 2409 1376 2455 confirmatum
1393 2405 1619 2454 Boeckhii

182 2490 356 2555 Explic.
382 2489 444 2537 ad
466 2489 510 2535 h.
533 2488 561 2534 l.
631 2492 706 2536 49.
744 2488 1099 2557 ἀδραστειδᾱν.

1103 2581 1124 2600 (L

296 2615 374 2660 50·
441 2616 557 2664 &Seu
614 2621 894 2681 σπέρματος
949 2615 1126 2679 ἔχοντι
1180 2615 1354 2677 ῥίζαν,
1424 2617 1612 2676 πρέπει.

1721 252 1724 272 δ
