1726 2912
1434 67 1497 112 5⁹

65 208 291 254 mannus,
328 203 538 240 vertens:
574 205 755 240 cantum
785 205 832 240 tu
865 193 1003 252 mihi,
1037 208 1238 259 precor,
1271 194 1501 257 inspires?

66 276 120 320 Et
151 277 255 339 quis
285 275 491 321 laudabit
523 276 662 322 talem
690 275 936 323 dictionem
970 278 1015 322 in
1048 287 1171 322 tanto
1203 285 1370 339 poeta:
1422 275 1498 323 εὔ-

67 376 227 422 χομαι
274 360 355 404 τὶν
401 361 737 423 καταβλέπειν
789 361 1036 424 ἁρμονίαν
1081 361 1209 423 ἀμφ’
1253 357 1500 406 ἕκαστονῖ

67 439 133 482 Ne
160 436 329 483 multa:
372 439 525 502 ipsum
562 437 656 485 hoc
691 443 888 505 βλέπειν
923 448 1065 484 totam
1099 426 1368 484 sententiam
1403 436 1502 482 ob-

3 543 5 547 f
67 520 283 564 scuravit.
350 518 570 565 Pindarus
599 519 726 566 dedit
755 522 902 570 ἕπειν.
970 522 1208 583 Frequens
1236 517 1367 581 apud
1392 534 1502 563 eum

69 608 135 644 est
166 604 445 670 ἀμφέπειν,
484 603 559 645 hic
590 602 752 646 tmesin
779 599 983 657 admisit,
1020 599 1237 662 exemplo
1266 598 1503 644 Homerici

69 686 165 743 οὐχ
195 684 376 745 ὁράᾳς,
416 677 524 727 οἷον
558 682 786 734 Δόλοπος
815 685 925 746 περὶ
956 685 1119 740 τεύχε’
1150 680 1389 737 ἕπουσινς
1425 677 1502 738 (ll-

5 752 6 763 ἶ
70 781 107 808 ο.
133 760 269 819 555.)
335 761 440 805 Jam
469 771 626 806 cetera
657 777 848 823 quoque
879 771 1122 806 mutantur.
1189 759 1308 806 Illud
1338 764 1503 809 ἑκόντι

5 854 7 895 ξ
69 844 158 906 νόῳ
189 839 249 887 de
275 839 496 905 Apolline
521 841 896 900 interpretantur3
932 852 974 886 at
997 842 1154 905 ipsum
1185 857 1235 887 se
1261 850 1403 903 poeta
1428 838 1507 884 di-

71 923 129 967 cit
157 926 289 969 κατά
315 942 434 970 τινα
463 923 511 970 ὀί.
544 922 578 971 ἕ.
608 926 653 969 ἀ.
680 923 716 971 ἔ.
743 924 843 970 ὅσα
869 927 1062 978 νέεται,
1097 938 1183 967 nec
1214 920 1341 966 ullibi
1370 921 1507 966 inve-

0 1027 7 1066 ³}
69 1005 166 1048 nias
196 1004 242 1048 in
269 1002 339 1049 his
365 1003 650 1049 carminibus
680 1008 796 1052 ἑκὼν
819 1021 905 1066 pro
935 1005 1077 1054 ἵλαος
1104 1012 1404 1064 usurpatum3
1440 1011 1506 1046 est

71 1083 354 1141 libenter,
387 1100 498 1129 non
534 1085 740 1140 invite,
776 1083 830 1129 cf.
858 1087 905 1130 P.
932 1084 995 1140 V,
1023 1085 1100 1129 43.
1138 1086 1306 1131 ἑκόντι
1333 1083 1507 1129 τοίνυν

72 1170 245 1230 πρέπει
275 1170 368 1228 νόῳ
403 1169 492 1213 τὸν
524 1170 777 1232 εὐεργέταν
810 1168 1141 1214 ὑπαντιάσαι.
1218 1161 1402 1207 Deinde
1432 1163 1509 1209 εὔ-

7 1298 8 1305 ¹
71 1264 234 1309 χομαι
261 1261 355 1291 non
380 1255 446 1290 est
474 1261 719 1309 precor,
754 1243 838 1290 sed
866 1243 1126 1307 glorior,
1154 1241 1230 1288 vel
1263 1241 1511 1289 affirmo,

0 1351 9 1394 z}
73 1327 123 1369 In
155 1325 374 1373 ἕκαστον
407 1342 598 1387 quoque
628 1327 888 1369 necessario
921 1323 1115 1368 haesere
1146 1325 1436 1384 interpretes,
1472 1321 1510 1366 si

8 1409 9 1433 ³
74 1404 134 1450 ad
164 1422 303 1450 unum
327 1405 628 1451 Aristomenis
654 1405 905 1466 epinicium
932 1403 1208 1449 referebant.
1276 1403 1510 1448 Dissenius

75 1486 246 1549 cogitat
286 1484 345 1532 de
387 1484 565 1531 duabus
604 1486 829 1541 victoriis,
879 1483 971 1528 hoc
1014 1484 1217 1529 carmine
1266 1481 1513 1527 celebratis

75 1584 118 1612 v.
138 1568 199 1612 61
223 1593 289 1600 -
307 1568 393 1624 66,
429 1577 472 1611 et
501 1567 727 1611 construit
757 1566 1001 1630 ἁρμονίαν
1025 1565 1125 1612 ὅσα
1151 1567 1354 1626 νέομαι,
1390 1562 1513 1608 male

0 1647 11 1711 ‘j
76 1662 188 1693 usus
216 1647 327 1693 loco
355 1645 480 1709 Pyth.
509 1648 588 1703 Vl,
617 1649 691 1692 21.
728 1653 1084 1714 ἐφημοσύναν,
1121 1649 1189 1691 τά
1215 1647 1327 1693 ποτ’
1351 1650 1401 1691 ἐν
1429 1643 1514 1691 οὔ·

76 1747 181 1794 ρεσι
212 1731 370 1797 φαντὶ
403 1732 762 1790 μεγαλοσθενεῖ
793 1731 1009 1792 Φιλύρας
1044 1728 1153 1772 υἱὸν
1182 1726 1512 1793 ὀρφανιζομέ-

14 1862 16 1865 ,
79 1829 140 1872 νῳ
166 1807 386 1865 Πηλεΐδα
414 1815 690 1869 παραινεῖν.
760 1806 875 1849 Nam
902 1806 1119 1869 ἁρμονία
1143 1820 1235 1849 non
1258 1812 1412 1866 potest
1440 1803 1514 1864 ip-

79 1904 179 1934 sum
211 1904 397 1934 carmen
429 1886 701 1950 significare.
781 1884 983 1931 Tafelius
1020 1885 1342 1947 interpretatur
1386 1887 1516 1954 ἀμφ’

15 1992 16 1997 ’
80 1967 324 2016 ἕκαστονε
373 1965 530 2030 quoad
560 1964 738 2029 singula
765 1966 877 2025 ista,
913 1981 1100 2011 carmen
1129 1980 1388 2027 omnesque
1417 1964 1517 2026 ejus

81 2058 268 2112 partes,
319 2048 445 2094 idem
488 2052 619 2096 κατὰ
664 2064 757 2093 non
798 2064 901 2092 cum
946 2049 1177 2104 βλέπειν,
1226 2044 1335 2101 sed,
1387 2043 1517 2108 quod

82 2129 234 2191 magis
255 2130 458 2186 mireris,
494 2145 604 2175 cum
629 2129 848 2191 εὔχομαι
866 2127 1022 2190 jungit.
1091 2128 1129 2171 T
1134 2124 1389 2172 hierschius
1412 2125 1518 2174 ἕκα-

17 2205 18 2247 ]
85 2229 211 2258 στον
239 2209 501 2255 masculino
523 2225 695 2273 genere
722 2207 893 2253 dictum
923 2209 1127 2272 accepit,
1166 2205 1368 2271 probata
1395 2207 1518 2250 Min-

87 2289 266 2352 garellii
294 2278 558 2353 conjectura
593 2294 834 2350 νέμομαι,
884 2289 1143 2350 vertitque:
1195 2285 1397 2343 »schau,
1441 2284 1517 2331 ich

16 2374 19 2422 ξ
86 2366 208 2426 sseh',
249 2371 332 2415 mit
370 2369 566 2417 holdem
608 2371 734 2415 Geist
774 2386 835 2413 zu
880 2367 965 2413 der
1007 2366 1328 2413 melodischen
1363 2367 1518 2413 Weisc

87 2448 265 2511 Klang,
296 2450 379 2495 wie
408 2467 484 2494 um
509 2447 745 2512 jeglichen
774 2446 849 2492 ich
880 2448 945 2493 sie
971 2445 1234 2494 vertheil’«.
1301 2448 1517 2494 Ceterum

89 2546 182 2575 non
218 2544 335 2592 opus
369 2531 454 2575 erit
490 2527 831 2583 demonstrare,
876 2544 1017 2589 quam
1051 2527 1185 2573 facile
1222 2526 1440 2573 librarius
1474 2528 1517 2572 in

92 2612 228 2666 Novo
256 2611 553 2656 Testamento
594 2610 742 2671 magis
783 2618 987 2655 versatus
1031 2625 1168 2670 quam
1211 2610 1254 2654 in
1296 2606 1518 2663 Pindaro,
