<?xml version="1.0" encoding="UTF-8"?>
<!DOCTYPE html PUBLIC "-//W3C//DTD XHTML 1.0 Transitional//EN"
    "http://www.w3.org/TR/xhtml1/DTD/xhtml1-transitional.dtd">
<html xmlns="http://www.w3.org/1999/xhtml" xml:lang="en" lang="en">
 <head>
  <title>
</title>
<meta http-equiv="Content-Type" content="text/html;charset=utf-8" />
  <meta name='ocr-system' content='tesseract 3.04.00' />
  <meta name='ocr-capabilities' content='ocr_page ocr_carea ocr_par ocr_line ocrx_word'/>
</head>
<body>
  <div class='ocr_page' id='page_1' title='image "./lectionespindari00kaysuoft_0052.png"; bbox 0 0 1726 2912; ppageno 0'>
   <div class='ocr_carea' id='block_1_1' title="bbox 193 63 254 107">
    <p class='ocr_par' dir='ltr' id='par_1_1' title="bbox 193 63 254 107">
     <span class='ocr_line' id='line_1_1' title="bbox 193 63 254 107; baseline 0 0"><span class='ocrx_word' id='word_1_1' title='bbox 193 63 254 107; x_wconf 70' lang='lat'><strong>42</strong></span> 
     </span>
    </p>
   </div>
   <div class='ocr_carea' id='block_1_2' title="bbox 183 183 1626 1301">
    <p class='ocr_par' dir='ltr' id='par_1_2' title="bbox 183 183 1626 1223">
     <span class='ocr_line' id='line_1_2' title="bbox 290 183 1623 251; baseline -0.004 -18"><span class='ocrx_word' id='word_1_2' title='bbox 290 191 363 236; x_wconf 73' lang='grc' dir='ltr'><strong>Π.</strong></span> <span class='ocrx_word' id='word_1_3' title='bbox 412 188 453 235; x_wconf 82' lang='grc' dir='ltr'><strong>δ’</strong></span> <span class='ocrx_word' id='word_1_4' title='bbox 475 191 634 251; x_wconf 80' lang='grc' dir='ltr'><strong>αἱρέω.</strong></span> <span class='ocrx_word' id='word_1_5' title='bbox 705 187 820 230; x_wconf 82' lang='lat' dir='ltr'><strong>Tota</strong></span> <span class='ocrx_word' id='word_1_6' title='bbox 845 183 1069 248; x_wconf 85' lang='lat' dir='ltr'>periodus</span> <span class='ocrx_word' id='word_1_7' title='bbox 1095 187 1306 250; x_wconf 77' lang='grc' dir='ltr'><em>ἀρέομαι</em></span> <span class='ocrx_word' id='word_1_8' title='bbox 1332 187 1430 246; x_wconf 78' lang='grc' dir='ltr'><strong>πὰρ</strong></span> <span class='ocrx_word' id='word_1_9' title='bbox 1457 188 1545 244; x_wconf 88' lang='grc' dir='ltr'><strong>μὲν</strong></span> <span class='ocrx_word' id='word_1_10' title='bbox 1570 189 1623 231; x_wconf 93' lang='grc' dir='ltr'><strong>Σ.</strong></span> 
     </span>
     <span class='ocr_line' id='line_1_3' title="bbox 187 265 1624 330; baseline -0.008 -12"><span class='ocrx_word' id='word_1_11' title='bbox 187 295 251 305; x_wconf 91' lang='lat'>-—-·</span> <span class='ocrx_word' id='word_1_12' title='bbox 290 273 514 324; x_wconf 82' lang='grc' dir='ltr'><strong><em>τελέσαις</em></strong></span> <span class='ocrx_word' id='word_1_13' title='bbox 558 266 832 330; x_wconf 83' lang='lat' dir='ltr'><strong>multiplices</strong></span> <span class='ocrx_word' id='word_1_14' title='bbox 867 265 1265 326; x_wconf 81' lang='lat' dir='ltr'>interpretationes</span> <span class='ocrx_word' id='word_1_15' title='bbox 1309 272 1496 323; x_wconf 80' lang='lat' dir='ltr'><strong>experta</strong></span> <span class='ocrx_word' id='word_1_16' title='bbox 1534 273 1624 320; x_wconf 87' lang='lat' dir='ltr'><strong>est,</strong></span> 
     </span>
     <span class='ocr_line' id='line_1_4' title="bbox 188 342 1624 413; baseline -0.006 -16"><span class='ocrx_word' id='word_1_17' title='bbox 188 368 214 397; x_wconf 91' lang='lat' dir='ltr'><strong>e</strong></span> <span class='ocrx_word' id='word_1_18' title='bbox 256 349 427 413; x_wconf 87' lang='lat' dir='ltr'><strong>quibus</strong></span> <span class='ocrx_word' id='word_1_19' title='bbox 472 351 604 394; x_wconf 88' lang='lat' dir='ltr'><strong>unice</strong></span> <span class='ocrx_word' id='word_1_20' title='bbox 646 347 796 410; x_wconf 81' lang='lat' dir='ltr'><strong>placet</strong></span> <span class='ocrx_word' id='word_1_21' title='bbox 841 345 1152 391; x_wconf 82' lang='lat' dir='ltr'><strong>Boeckhiana.</strong></span> <span class='ocrx_word' id='word_1_22' title='bbox 1238 343 1379 403; x_wconf 88' lang='lat' dir='ltr'><strong>Quod</strong></span> <span class='ocrx_word' id='word_1_23' title='bbox 1418 342 1624 390; x_wconf 82' lang='lat' dir='ltr'><strong>Tafelius</strong></span> 
     </span>
     <span class='ocr_line' id='line_1_5' title="bbox 186 423 1625 494; baseline -0.003 -18"><span class='ocrx_word' id='word_1_24' title='bbox 186 447 385 494; x_wconf 88' lang='lat' dir='ltr'><strong>quoque</strong></span> <span class='ocrx_word' id='word_1_25' title='bbox 417 431 674 493; x_wconf 71' lang='lat' dir='ltr'><strong>perspexit,</strong></span> <span class='ocrx_word' id='word_1_26' title='bbox 722 432 910 489; x_wconf 57' lang='grc' dir='ltr'><strong><em>μισθὸς</em></strong></span> <span class='ocrx_word' id='word_1_27' title='bbox 944 437 1011 471; x_wconf 86' lang='lat' dir='ltr'><strong>est</strong></span> <span class='ocrx_word' id='word_1_28' title='bbox 1047 424 1092 470; x_wconf 88' lang='lat' dir='ltr'><strong>h.</strong></span> <span class='ocrx_word' id='word_1_29' title='bbox 1121 424 1148 470; x_wconf 79' lang='lat' dir='ltr'><strong>l.</strong></span> <span class='ocrx_word' id='word_1_30' title='bbox 1185 425 1244 470; x_wconf 89' lang='lat' dir='ltr'><strong>de</strong></span> <span class='ocrx_word' id='word_1_31' title='bbox 1276 425 1439 471; x_wconf 81' lang='lat' dir='ltr'><strong>favore</strong></span> <span class='ocrx_word' id='word_1_32' title='bbox 1471 423 1625 472; x_wconf 82' lang='lat' dir='ltr'><strong>Athe-</strong></span> 
     </span>
     <span class='ocr_line' id='line_1_6' title="bbox 185 506 1625 573; baseline -0.006 -15"><span class='ocrx_word' id='word_1_33' title='bbox 185 515 413 558; x_wconf 85' lang='lat' dir='ltr'><strong>niensium</strong></span> <span class='ocrx_word' id='word_1_34' title='bbox 458 508 833 572; x_wconf 83' lang='lat' dir='ltr'><strong>intelligendum‚</strong></span> <span class='ocrx_word' id='word_1_35' title='bbox 894 506 977 553; x_wconf 87' lang='lat' dir='ltr'><strong>sed</strong></span> <span class='ocrx_word' id='word_1_36' title='bbox 1021 512 1164 573; x_wconf 72' lang='grc' dir='ltr'><em>χάρις</em></span> <span class='ocrx_word' id='word_1_37' title='bbox 1207 510 1485 555; x_wconf 61' lang='grc' dir='ltr'><strong><em>Ἀἓαναίων</em></strong></span> <span class='ocrx_word' id='word_1_38' title='bbox 1529 522 1625 551; x_wconf 90' lang='lat' dir='ltr'><strong>non</strong></span> 
     </span>
     <span class='ocr_line' id='line_1_7' title="bbox 186 586 1625 656; baseline -0.004 -19"><span class='ocrx_word' id='word_1_39' title='bbox 186 608 340 656; x_wconf 80' lang='lat' dir='ltr'><strong>pugna</strong></span> <span class='ocrx_word' id='word_1_40' title='bbox 368 608 402 638; x_wconf 90' lang='lat' dir='ltr'><strong>s.</strong></span> <span class='ocrx_word' id='word_1_41' title='bbox 433 591 622 636; x_wconf 74' lang='lat' dir='ltr'><strong>victoria</strong></span> <span class='ocrx_word' id='word_1_42' title='bbox 654 588 779 645; x_wconf 63' lang='lat' dir='ltr'><strong>Ath„</strong></span> <span class='ocrx_word' id='word_1_43' title='bbox 815 588 898 634; x_wconf 86' lang='lat' dir='ltr'><strong>sed</strong></span> <span class='ocrx_word' id='word_1_44' title='bbox 929 589 1088 651; x_wconf 78' lang='lat' dir='ltr'><strong>gratia.</strong></span> <span class='ocrx_word' id='word_1_45' title='bbox 1157 586 1212 632; x_wconf 88' lang='lat' dir='ltr'><strong>cf.</strong></span> <span class='ocrx_word' id='word_1_46' title='bbox 1239 589 1283 632; x_wconf 91' lang='lat' dir='ltr'><strong>P.</strong></span> <span class='ocrx_word' id='word_1_47' title='bbox 1309 589 1384 642; x_wconf 87' lang='lat' dir='ltr'><strong>lll,</strong></span> <span class='ocrx_word' id='word_1_48' title='bbox 1412 588 1488 632; x_wconf 78' lang='lat'><strong>95.</strong></span> <span class='ocrx_word' id='word_1_49' title='bbox 1566 589 1625 631; x_wconf 91' lang='lat' dir='ltr'><strong>Et</strong></span> 
     </span>
     <span class='ocr_line' id='line_1_8' title="bbox 186 667 1626 738; baseline -0.008 -17"><span class='ocrx_word' id='word_1_50' title='bbox 186 676 284 738; x_wconf 78' lang='grc' dir='ltr'><strong>πὰρ</strong></span> <span class='ocrx_word' id='word_1_51' title='bbox 311 677 597 732; x_wconf 83' lang='grc' dir='ltr'><strong><em>Σαλαμῖνος</em></strong></span> <span class='ocrx_word' id='word_1_52' title='bbox 632 669 710 729; x_wconf 75' lang='lat' dir='ltr'><strong>(h.</strong></span> <span class='ocrx_word' id='word_1_53' title='bbox 737 687 776 716; x_wconf 88' lang='lat' dir='ltr'><strong>e.</strong></span> <span class='ocrx_word' id='word_1_54' title='bbox 808 687 859 716; x_wconf 83' lang='lat' dir='ltr'><strong>ex</strong></span> <span class='ocrx_word' id='word_1_55' title='bbox 886 670 1075 715; x_wconf 76' lang='lat' dir='ltr'><strong>victoria</strong></span> <span class='ocrx_word' id='word_1_56' title='bbox 1103 667 1374 726; x_wconf 80' lang='lat' dir='ltr'><strong>Salaminia)</strong></span> <span class='ocrx_word' id='word_1_57' title='bbox 1410 672 1626 735; x_wconf 70' lang='grc' dir='ltr'><strong>ἀρέομαι,</strong></span> 
     </span>
     <span class='ocr_line' id='line_1_9' title="bbox 185 734 1623 818; baseline -0.005 -16"><span class='ocrx_word' id='word_1_58' title='bbox 185 753 247 802; x_wconf 90' lang='grc' dir='ltr'><strong>Ἀ.</strong></span> <span class='ocrx_word' id='word_1_59' title='bbox 273 775 320 818; x_wconf 85' lang='grc' dir='ltr'><strong>χ.</strong></span> <span class='ocrx_word' id='word_1_60' title='bbox 350 757 541 815; x_wconf 54' lang='grc' dir='ltr'><strong><em>μισθὸν</em></strong></span> <span class='ocrx_word' id='word_1_61' title='bbox 573 751 745 797; x_wconf 84' lang='lat' dir='ltr'><strong>dictum</strong></span> <span class='ocrx_word' id='word_1_62' title='bbox 775 762 863 807; x_wconf 89' lang='lat' dir='ltr'><strong>est,</strong></span> <span class='ocrx_word' id='word_1_63' title='bbox 911 760 957 795; x_wconf 92' lang='lat' dir='ltr'><strong>ut</strong></span> <span class='ocrx_word' id='word_1_64' title='bbox 998 752 1030 795; x_wconf 86' lang='grc' dir='ltr'><strong>Ι.</strong></span> <span class='ocrx_word' id='word_1_65' title='bbox 1067 750 1127 805; x_wconf 83' lang='lat' dir='ltr'><strong>V,</strong></span> <span class='ocrx_word' id='word_1_66' title='bbox 1170 751 1247 795; x_wconf 72' lang='lat'><strong>57.</strong></span> <span class='ocrx_word' id='word_1_67' title='bbox 1297 734 1499 814; x_wconf 68' lang='grc' dir='ltr'><strong><em>ἄραντο</em></strong></span> <span class='ocrx_word' id='word_1_68' title='bbox 1531 752 1623 812; x_wconf 77' lang='grc' dir='ltr'><strong>γὰρ</strong></span> 
     </span>
     <span class='ocr_line' id='line_1_10' title="bbox 187 831 1622 900; baseline -0.006 -18"><span class='ocrx_word' id='word_1_69' title='bbox 187 837 322 889; x_wconf 74' lang='grc' dir='ltr'><strong><em>νίκας</em></strong></span> <span class='ocrx_word' id='word_1_70' title='bbox 351 839 450 882; x_wconf 85' lang='grc' dir='ltr'><strong>ἀπὸ</strong></span> <span class='ocrx_word' id='word_1_71' title='bbox 473 834 784 900; x_wconf 75' lang='grc' dir='ltr'><strong><em>παγκρατίου</em></strong></span> <span class='ocrx_word' id='word_1_72' title='bbox 812 840 951 897; x_wconf 70' lang='grc' dir='ltr'><strong><em>τρεῖς.</em></strong></span> <span class='ocrx_word' id='word_1_73' title='bbox 1021 831 1232 891; x_wconf 89' lang='lat' dir='ltr'><strong>Denique</strong></span> <span class='ocrx_word' id='word_1_74' title='bbox 1256 834 1391 892; x_wconf 74' lang='grc' dir='ltr'><em>ἐρέω,</em></span> <span class='ocrx_word' id='word_1_75' title='bbox 1420 845 1505 892; x_wconf 87' lang='lat' dir='ltr'><strong>pro</strong></span> <span class='ocrx_word' id='word_1_76' title='bbox 1527 844 1622 890; x_wconf 92' lang='lat' dir='ltr'><strong>quo</strong></span> 
     </span>
     <span class='ocr_line' id='line_1_11' title="bbox 183 910 1625 982; baseline -0.004 -23"><span class='ocrx_word' id='word_1_77' title='bbox 183 914 446 961; x_wconf 84' lang='lat' dir='ltr'><strong>Boeckhius</strong></span> <span class='ocrx_word' id='word_1_78' title='bbox 467 916 574 962; x_wconf 83' lang='lat' dir='ltr'><strong>velit</strong></span> <span class='ocrx_word' id='word_1_79' title='bbox 592 922 727 982; x_wconf 74' lang='grc' dir='ltr'><strong><em>ἐρέων</em></strong></span> <span class='ocrx_word' id='word_1_80' title='bbox 743 954 755 971; x_wconf 83' lang='grc'><em>,</em></span> <span class='ocrx_word' id='word_1_81' title='bbox 790 916 1080 975; x_wconf 74' lang='lat' dir='ltr'><strong>interrumpit</strong></span> <span class='ocrx_word' id='word_1_82' title='bbox 1105 912 1294 975; x_wconf 90' lang='lat' dir='ltr'><strong>quidem</strong></span> <span class='ocrx_word' id='word_1_83' title='bbox 1320 910 1625 957; x_wconf 79' lang='lat' dir='ltr'><strong>constructio-</strong></span> 
     </span>
     <span class='ocr_line' id='line_1_12' title="bbox 184 989 1623 1058; baseline -0.004 -17"><span class='ocrx_word' id='word_1_84' title='bbox 184 1013 312 1051; x_wconf 86' lang='lat' dir='ltr'><strong>nem,</strong></span> <span class='ocrx_word' id='word_1_85' title='bbox 349 1007 395 1041; x_wconf 87' lang='lat' dir='ltr'><strong>at</strong></span> <span class='ocrx_word' id='word_1_86' title='bbox 426 998 601 1041; x_wconf 79' lang='lat' dir='ltr'><strong>curavit</strong></span> <span class='ocrx_word' id='word_1_87' title='bbox 630 1006 793 1058; x_wconf 87' lang='lat' dir='ltr'><strong>poeta,</strong></span> <span class='ocrx_word' id='word_1_88' title='bbox 832 1006 877 1040; x_wconf 84' lang='lat' dir='ltr'><strong>ut</strong></span> <span class='ocrx_word' id='word_1_89' title='bbox 901 1012 955 1040; x_wconf 85' lang='lat' dir='ltr'><strong>ea</strong></span> <span class='ocrx_word' id='word_1_90' title='bbox 984 1004 1139 1038; x_wconf 84' lang='lat' dir='ltr'><strong>tamen</strong></span> <span class='ocrx_word' id='word_1_91' title='bbox 1169 1003 1374 1057; x_wconf 76' lang='lat' dir='ltr'><strong>pateret,</strong></span> <span class='ocrx_word' id='word_1_92' title='bbox 1412 989 1623 1036; x_wconf 87' lang='lat' dir='ltr'><strong>scriben-</strong></span> 
     </span>
     <span class='ocr_line' id='line_1_13' title="bbox 183 1073 1622 1143; baseline -0.002 -20"><span class='ocrx_word' id='word_1_93' title='bbox 183 1074 245 1120; x_wconf 84' lang='lat' dir='ltr'><strong>do</strong></span> <span class='ocrx_word' id='word_1_94' title='bbox 272 1081 369 1140; x_wconf 82' lang='grc' dir='ltr'><strong>πὰρ</strong></span> <span class='ocrx_word' id='word_1_95' title='bbox 388 1082 476 1137; x_wconf 76' lang='grc' dir='ltr'><strong>μὲν</strong></span> <span class='ocrx_word' id='word_1_96' title='bbox 496 1105 557 1111; x_wconf 85' lang='lat'><strong>—</strong></span> <span class='ocrx_word' id='word_1_97' title='bbox 576 1082 711 1143; x_wconf 72' lang='grc' dir='ltr'><strong><em>παρὰ</em></strong></span> <span class='ocrx_word' id='word_1_98' title='bbox 731 1077 808 1133; x_wconf 78' lang='grc' dir='ltr'><strong>δὲ,</strong></span> <span class='ocrx_word' id='word_1_99' title='bbox 845 1077 1039 1121; x_wconf 84' lang='lat' dir='ltr'><strong>fortasse</strong></span> <span class='ocrx_word' id='word_1_100' title='bbox 1067 1073 1193 1121; x_wconf 85' lang='lat' dir='ltr'><strong>dedit</strong></span> <span class='ocrx_word' id='word_1_101' title='bbox 1224 1075 1362 1121; x_wconf 84' lang='lat' dir='ltr'><strong>etiam</strong></span> <span class='ocrx_word' id='word_1_102' title='bbox 1390 1080 1438 1122; x_wconf 85' lang='grc' dir='ltr'><strong>έν</strong></span> <span class='ocrx_word' id='word_1_103' title='bbox 1464 1076 1622 1136; x_wconf 80' lang='grc' dir='ltr'><em>Σπάρ-</em></span> 
     </span>
     <span class='ocr_line' id='line_1_14' title="bbox 186 1161 477 1223; baseline 0.007 -19"><span class='ocrx_word' id='word_1_104' title='bbox 186 1179 251 1221; x_wconf 73' lang='grc' dir='ltr'><strong><em>τᾳ</em></strong></span> <span class='ocrx_word' id='word_1_105' title='bbox 284 1161 326 1205; x_wconf 68' lang='grc' dir='ltr'><strong><em>τ’</em></strong></span> <span class='ocrx_word' id='word_1_106' title='bbox 356 1163 477 1223; x_wconf 71' lang='grc' dir='ltr'><em>ἐρέω-</em></span> 
     </span>
    </p>

    <p class='ocr_par' dir='ltr' id='par_1_3' title="bbox 281 1233 1624 1301">
     <span class='ocr_line' id='line_1_15' title="bbox 281 1233 1624 1301; baseline 0.001 -19"><span class='ocrx_word' id='word_1_107' title='bbox 281 1239 353 1283; x_wconf 74' lang='grc'><strong>78.</strong></span> <span class='ocrx_word' id='word_1_108' title='bbox 391 1247 536 1287; x_wconf 80' lang='grc' dir='ltr'><strong><em>ταῖσι</em></strong></span> <span class='ocrx_word' id='word_1_109' title='bbox 563 1238 715 1301; x_wconf 78' lang='grc' dir='ltr'><strong><em>μῆδοι</em></strong></span> <span class='ocrx_word' id='word_1_110' title='bbox 742 1243 911 1299; x_wconf 81' lang='grc' dir='ltr'><strong><em>κάμον.</em></strong></span> <span class='ocrx_word' id='word_1_111' title='bbox 993 1238 1067 1281; x_wconf 76' lang='grc'><strong>79.</strong></span> <span class='ocrx_word' id='word_1_112' title='bbox 1103 1240 1202 1301; x_wconf 80' lang='grc' dir='ltr'><strong>πὰρ</strong></span> <span class='ocrx_word' id='word_1_113' title='bbox 1228 1235 1292 1283; x_wconf 83' lang='grc' dir='ltr'><strong>δὲ.</strong></span> <span class='ocrx_word' id='word_1_114' title='bbox 1372 1235 1434 1281; x_wconf 86' lang='lat' dir='ltr'><strong>ib.</strong></span> <span class='ocrx_word' id='word_1_115' title='bbox 1470 1233 1624 1284; x_wconf 80' lang='grc' dir='ltr'><strong><em>δεινο-</em></strong></span> 
     </span>
    </p>
   </div>
   <div class='ocr_carea' id='block_1_3' title="bbox 183 1316 1625 1460">
    <p class='ocr_par' dir='ltr' id='par_1_4' title="bbox 183 1316 1625 1460">
     <span class='ocr_line' id='line_1_16' title="bbox 183 1316 1625 1379; baseline -0.001 -13"><span class='ocrx_word' id='word_1_116' title='bbox 183 1324 346 1379; x_wconf 77' lang='grc' dir='ltr'><strong><em>μενεός</em></strong></span> <span class='ocrx_word' id='word_1_117' title='bbox 377 1325 658 1374; x_wconf 79' lang='grc' dir='ltr'><strong><em>τελέσσαις.</em></strong></span> <span class='ocrx_word' id='word_1_118' title='bbox 724 1322 802 1366; x_wconf 82' lang='lat' dir='ltr'><strong>Sl.</strong></span> <span class='ocrx_word' id='word_1_119' title='bbox 839 1324 1211 1371; x_wconf 74' lang='grc' dir='ltr'><strong><em>συντανύσσας.</em></strong></span> <span class='ocrx_word' id='word_1_120' title='bbox 1278 1319 1354 1362; x_wconf 83' lang='grc'><strong>83.</strong></span> <span class='ocrx_word' id='word_1_121' title='bbox 1386 1316 1531 1363; x_wconf 84' lang='lat' dir='ltr'><strong>habet</strong></span> <span class='ocrx_word' id='word_1_122' title='bbox 1554 1321 1625 1365; x_wconf 76' lang='grc' dir='ltr'><strong>ἑλ·</strong></span> 
     </span>
     <span class='ocr_line' id='line_1_17' title="bbox 184 1395 1620 1460; baseline -0.001 -15"><span class='ocrx_word' id='word_1_123' title='bbox 184 1398 340 1454; x_wconf 78' lang='grc' dir='ltr'><strong>πέδας.</strong></span> <span class='ocrx_word' id='word_1_124' title='bbox 425 1398 480 1444; x_wconf 90' lang='lat' dir='ltr'><strong>cf.</strong></span> <span class='ocrx_word' id='word_1_125' title='bbox 511 1398 798 1444; x_wconf 80' lang='lat' dir='ltr'><strong>Doederlein</strong></span> <span class='ocrx_word' id='word_1_126' title='bbox 834 1399 878 1442; x_wconf 92' lang='lat' dir='ltr'><strong>in</strong></span> <span class='ocrx_word' id='word_1_127' title='bbox 907 1399 1021 1442; x_wconf 85' lang='lat' dir='ltr'><strong>Mus.</strong></span> <span class='ocrx_word' id='word_1_128' title='bbox 1053 1395 1258 1441; x_wconf 87' lang='lat' dir='ltr'><strong>Rhenan.</strong></span> <span class='ocrx_word' id='word_1_129' title='bbox 1296 1398 1437 1442; x_wconf 81' lang='grc'><strong>1829.</strong></span> <span class='ocrx_word' id='word_1_130' title='bbox 1469 1414 1512 1460; x_wconf 89' lang='lat' dir='ltr'><strong>p.</strong></span> <span class='ocrx_word' id='word_1_131' title='bbox 1551 1399 1620 1445; x_wconf 82' lang='lat'><strong>12.</strong></span> 
     </span>
    </p>
   </div>
   <div class='ocr_carea' id='block_1_4' title="bbox 181 1476 1621 1790">
    <p class='ocr_par' dir='ltr' id='par_1_5' title="bbox 181 1476 1621 1790">
     <span class='ocr_line' id='line_1_18' title="bbox 181 1476 1621 1545; baseline 0.003 -22"><span class='ocrx_word' id='word_1_132' title='bbox 181 1480 256 1524; x_wconf 79' lang='lat'><strong>85.</strong></span> <span class='ocrx_word' id='word_1_133' title='bbox 291 1478 433 1524; x_wconf 87' lang='lat' dir='ltr'><strong>habet</strong></span> <span class='ocrx_word' id='word_1_134' title='bbox 452 1483 735 1544; x_wconf 71' lang='grc' dir='ltr'><strong><em>οἰκτιρμῶν.</em></strong></span> <span class='ocrx_word' id='word_1_135' title='bbox 805 1479 881 1522; x_wconf 78' lang='grc'><strong>88.</strong></span> <span class='ocrx_word' id='word_1_136' title='bbox 918 1482 1270 1545; x_wconf 67' lang='grc' dir='ltr'><em>ἀμφοτέροισι.</em></span> <span class='ocrx_word' id='word_1_137' title='bbox 1339 1479 1417 1523; x_wconf 85' lang='grc'><strong>90.</strong></span> <span class='ocrx_word' id='word_1_138' title='bbox 1453 1476 1621 1535; x_wconf 78' lang='grc' dir='ltr'><strong><em>ἡδεῖαν</em></strong></span> 
     </span>
     <span class='ocr_line' id='line_1_19' title="bbox 183 1560 1618 1619; baseline -0.001 -13"><span class='ocrx_word' id='word_1_139' title='bbox 183 1562 273 1607; x_wconf 84' lang='grc' dir='ltr'><strong><em>ἀεὶ.</em></strong></span> <span class='ocrx_word' id='word_1_140' title='bbox 351 1561 429 1606; x_wconf 88' lang='grc'><strong>91.</strong></span> <span class='ocrx_word' id='word_1_141' title='bbox 467 1560 612 1608; x_wconf 71' lang='grc' dir='ltr'><strong><em>ὥστε.</em></strong></span> <span class='ocrx_word' id='word_1_142' title='bbox 684 1560 760 1604; x_wconf 85' lang='grc'><strong>92.</strong></span> <span class='ocrx_word' id='word_1_143' title='bbox 799 1562 969 1607; x_wconf 80' lang='grc' dir='ltr'><strong><em>ἱστίον</em></strong></span> <span class='ocrx_word' id='word_1_144' title='bbox 997 1562 1203 1619; x_wconf 78' lang='grc' dir='ltr'><strong><em>ἀνεμόεν</em></strong></span> <span class='ocrx_word' id='word_1_145' title='bbox 1238 1564 1479 1614; x_wconf 87' lang='grc' dir='ltr'><strong>πετάσας.</strong></span> <span class='ocrx_word' id='word_1_146' title='bbox 1555 1560 1618 1606; x_wconf 87' lang='lat' dir='ltr'><strong>ib.</strong></span> 
     </span>
     <span class='ocr_line' id='line_1_20' title="bbox 184 1640 1621 1709; baseline 0.001 -22"><span class='ocrx_word' id='word_1_147' title='bbox 184 1640 217 1688; x_wconf 74' lang='grc' dir='ltr'><em>ὦ</em></span> <span class='ocrx_word' id='word_1_148' title='bbox 245 1643 361 1709; x_wconf 75' lang='grc' dir='ltr'><strong><em>φίλε</em></strong></span> <span class='ocrx_word' id='word_1_149' title='bbox 392 1641 648 1706; x_wconf 74' lang='grc' dir='ltr'><strong><em>κέρδαισιν</em></strong></span> <span class='ocrx_word' id='word_1_150' title='bbox 680 1645 1024 1706; x_wconf 75' lang='grc' dir='ltr'><strong>εὐτραπέλοις.</strong></span> <span class='ocrx_word' id='word_1_151' title='bbox 1063 1644 1476 1706; x_wconf 62' lang='grc' dir='ltr'><strong><em>ὠπισὲόμβροτον</em></strong></span> <span class='ocrx_word' id='word_1_152' title='bbox 1508 1648 1621 1689; x_wconf 78' lang='grc' dir='ltr'><strong><em>καύ-</em></strong></span> 
     </span>
     <span class='ocr_line' id='line_1_21' title="bbox 183 1719 1618 1790; baseline -0.001 -22"><span class='ocrx_word' id='word_1_153' title='bbox 183 1742 332 1783; x_wconf 81' lang='grc' dir='ltr'><strong>χημα.</strong></span> <span class='ocrx_word' id='word_1_154' title='bbox 398 1723 475 1768; x_wconf 80' lang='lat'><strong>95.</strong></span> <span class='ocrx_word' id='word_1_155' title='bbox 515 1731 787 1790; x_wconf 69' lang='grc' dir='ltr'><strong><em>καυστῆρα.</em></strong></span> <span class='ocrx_word' id='word_1_156' title='bbox 856 1724 930 1767; x_wconf 79' lang='grc'><strong>98·</strong></span> <span class='ocrx_word' id='word_1_157' title='bbox 967 1719 1209 1782; x_wconf 77' lang='grc' dir='ltr'><strong><em>δέχονται</em></strong></span> <span class='ocrx_word' id='word_1_158' title='bbox 1292 1725 1370 1769; x_wconf 89' lang='grc'><strong>99.</strong></span> <span class='ocrx_word' id='word_1_159' title='bbox 1410 1727 1618 1771; x_wconf 52' lang='grc' dir='ltr'><strong>ἀέθλων.</strong></span> 
     </span>
    </p>
   </div>
   <div class='ocr_carea' id='block_1_5' title="bbox 868 1867 930 1915">
    <p class='ocr_par' dir='ltr' id='par_1_6' title="bbox 868 1867 930 1915">
     <span class='ocr_line' id='line_1_22' title="bbox 868 1867 930 1915; baseline 0.048 -4"><span class='ocrx_word' id='word_1_160' title='bbox 868 1867 930 1915; x_wconf 87' lang='grc' dir='ltr'><strong>ΙΙ.</strong></span> 
     </span>
    </p>
   </div>
   <div class='ocr_carea' id='block_1_6' title="bbox 178 1967 1619 2680">
    <p class='ocr_par' dir='ltr' id='par_1_7' title="bbox 277 1967 1218 2033">
     <span class='ocr_line' id='line_1_23' title="bbox 277 1967 1218 2033; baseline 0.001 -24"><span class='ocrx_word' id='word_1_161' title='bbox 277 1967 534 2028; x_wconf 80' lang='lat' dir='ltr'><strong>Inscriptio:</strong></span> <span class='ocrx_word' id='word_1_162' title='bbox 573 1974 639 2014; x_wconf 78' lang='grc' dir='ltr'><strong><em>τῶ</em></strong></span> <span class='ocrx_word' id='word_1_163' title='bbox 667 1972 805 2014; x_wconf 76' lang='grc' dir='ltr'><strong><em>αὐτῶ</em></strong></span> <span class='ocrx_word' id='word_1_164' title='bbox 831 1971 988 2031; x_wconf 75' lang='grc' dir='ltr'><strong><em>ἱέρωνι</em></strong></span> <span class='ocrx_word' id='word_1_165' title='bbox 1015 1967 1218 2033; x_wconf 66' lang='grc' dir='ltr'><strong><em>ἅρματι.</em></strong></span> 
     </span>
    </p>

    <p class='ocr_par' dir='ltr' id='par_1_8' title="bbox 178 2045 1619 2680">
     <span class='ocr_line' id='line_1_24' title="bbox 275 2045 1618 2113; baseline 0.001 -23"><span class='ocrx_word' id='word_1_166' title='bbox 275 2047 318 2090; x_wconf 72' lang='grc'><strong>7.</strong></span> <span class='ocrx_word' id='word_1_167' title='bbox 344 2053 436 2099; x_wconf 81' lang='grc' dir='ltr'><strong><em>τοῖς</em></strong></span> <span class='ocrx_word' id='word_1_168' title='bbox 464 2053 566 2093; x_wconf 77' lang='grc' dir='ltr'><strong>οὐκ.</strong></span> <span class='ocrx_word' id='word_1_169' title='bbox 635 2048 676 2091; x_wconf 89' lang='grc'><strong>9.</strong></span> <span class='ocrx_word' id='word_1_170' title='bbox 699 2049 826 2113; x_wconf 68' lang='grc' dir='ltr'><strong><em>χειρὶ</em></strong></span> <span class='ocrx_word' id='word_1_171' title='bbox 850 2045 1049 2107; x_wconf 77' lang='grc' dir='ltr'><strong>διδύμᾳ.</strong></span> <span class='ocrx_word' id='word_1_172' title='bbox 1122 2049 1192 2090; x_wconf 83' lang='grc'><strong>10.</strong></span> <span class='ocrx_word' id='word_1_173' title='bbox 1217 2051 1469 2109; x_wconf 77' lang='grc' dir='ltr'><strong><em>αἰγλᾶντα</em></strong></span> <span class='ocrx_word' id='word_1_174' title='bbox 1499 2046 1618 2106; x_wconf 78' lang='lat' dir='ltr'><strong>(Sic).</strong></span> 
     </span>
     <span class='ocr_line' id='line_1_25' title="bbox 181 2125 1616 2190; baseline 0.003 -20"><span class='ocrx_word' id='word_1_175' title='bbox 181 2126 336 2171; x_wconf 80' lang='lat' dir='ltr'><strong>scribe</strong></span> <span class='ocrx_word' id='word_1_176' title='bbox 366 2131 638 2190; x_wconf 74' lang='grc' dir='ltr'><strong><em>ἀγλάεντα,</em></strong></span> <span class='ocrx_word' id='word_1_177' title='bbox 675 2125 805 2188; x_wconf 90' lang='lat' dir='ltr'><strong>quod</strong></span> <span class='ocrx_word' id='word_1_178' title='bbox 834 2136 902 2172; x_wconf 85' lang='lat' dir='ltr'><strong>est</strong></span> <span class='ocrx_word' id='word_1_179' title='bbox 930 2127 974 2170; x_wconf 91' lang='lat' dir='ltr'><strong>in</strong></span> <span class='ocrx_word' id='word_1_180' title='bbox 1003 2126 1114 2171; x_wconf 90' lang='lat' dir='ltr'><strong>Ven.</strong></span> <span class='ocrx_word' id='word_1_181' title='bbox 1142 2128 1189 2171; x_wconf 92' lang='lat' dir='ltr'><strong>B.</strong></span> <span class='ocrx_word' id='word_1_182' title='bbox 1279 2128 1354 2172; x_wconf 81' lang='lat'><strong>12.</strong></span> <span class='ocrx_word' id='word_1_183' title='bbox 1402 2127 1616 2174; x_wconf 80' lang='grc' dir='ltr'><strong><em>ἵππειον.</em></strong></span> 
     </span>
     <span class='ocr_line' id='line_1_26' title="bbox 183 2205 1619 2274; baseline 0 -22"><span class='ocrx_word' id='word_1_184' title='bbox 183 2206 243 2252; x_wconf 92' lang='lat' dir='ltr'><strong>ib.</strong></span> <span class='ocrx_word' id='word_1_185' title='bbox 281 2211 488 2274; x_wconf 67' lang='grc' dir='ltr'><strong><em>εὶριβίαν</em></strong></span> <span class='ocrx_word' id='word_1_186' title='bbox 516 2222 743 2272; x_wconf 82' lang='lat' dir='ltr'><strong>superscr.</strong></span> <span class='ocrx_word' id='word_1_187' title='bbox 770 2207 951 2271; x_wconf 84' lang='lat' dir='ltr'><strong>primae</strong></span> <span class='ocrx_word' id='word_1_188' title='bbox 979 2205 1189 2268; x_wconf 72' lang='lat' dir='ltr'><strong>syllabae</strong></span> <span class='ocrx_word' id='word_1_189' title='bbox 1218 2213 1285 2254; x_wconf 83' lang='grc' dir='ltr'><strong>εὐ.</strong></span> <span class='ocrx_word' id='word_1_190' title='bbox 1357 2208 1430 2251; x_wconf 83' lang='grc'><strong>13.</strong></span> <span class='ocrx_word' id='word_1_191' title='bbox 1465 2210 1619 2256; x_wconf 81' lang='grc' dir='ltr'><strong><em>ἐτέλε-</em></strong></span> 
     </span>
     <span class='ocr_line' id='line_1_27' title="bbox 181 2286 1618 2350; baseline -0.004 -12"><span class='ocrx_word' id='word_1_192' title='bbox 181 2309 281 2338; x_wconf 83' lang='grc' dir='ltr'><strong><em>σεν.</em></strong></span> <span class='ocrx_word' id='word_1_193' title='bbox 353 2291 426 2334; x_wconf 79' lang='grc'><strong>14.</strong></span> <span class='ocrx_word' id='word_1_194' title='bbox 462 2294 711 2350; x_wconf 74' lang='grc' dir='ltr'><strong><em>εὐαυχέα,</em></strong></span> <span class='ocrx_word' id='word_1_195' title='bbox 749 2286 808 2334; x_wconf 91' lang='lat' dir='ltr'><strong>de</strong></span> <span class='ocrx_word' id='word_1_196' title='bbox 834 2304 925 2350; x_wconf 83' lang='lat' dir='ltr'><strong>qua</strong></span> <span class='ocrx_word' id='word_1_197' title='bbox 950 2287 1145 2334; x_wconf 88' lang='lat' dir='ltr'><strong>lectione</strong></span> <span class='ocrx_word' id='word_1_198' title='bbox 1172 2287 1264 2334; x_wconf 86' lang='lat' dir='ltr'><strong>vid.</strong></span> <span class='ocrx_word' id='word_1_199' title='bbox 1296 2286 1500 2333; x_wconf 85' lang='lat' dir='ltr'><strong>Boeckh.</strong></span> <span class='ocrx_word' id='word_1_200' title='bbox 1527 2298 1618 2334; x_wconf 88' lang='lat' dir='ltr'><strong>not.</strong></span> 
     </span>
     <span class='ocr_line' id='line_1_28' title="bbox 181 2369 1617 2437; baseline 0.003 -23"><span class='ocrx_word' id='word_1_201' title='bbox 181 2371 277 2415; x_wconf 86' lang='lat' dir='ltr'><strong>crit.</strong></span> <span class='ocrx_word' id='word_1_202' title='bbox 352 2369 413 2417; x_wconf 90' lang='lat' dir='ltr'><strong>ib.</strong></span> <span class='ocrx_word' id='word_1_203' title='bbox 452 2376 643 2436; x_wconf 72' lang='grc' dir='ltr'><strong><em>ἀρετῆς.</em></strong></span> <span class='ocrx_word' id='word_1_204' title='bbox 728 2371 799 2414; x_wconf 86' lang='grc'><strong>16.</strong></span> <span class='ocrx_word' id='word_1_205' title='bbox 849 2372 1219 2434; x_wconf 78' lang='grc' dir='ltr'><strong><em>χρυσοχαίτας.</em></strong></span> <span class='ocrx_word' id='word_1_206' title='bbox 1302 2369 1363 2415; x_wconf 90' lang='lat' dir='ltr'><strong>ib.</strong></span> <span class='ocrx_word' id='word_1_207' title='bbox 1406 2372 1617 2437; x_wconf 55' lang='lat' dir='ltr'><strong>&amp;qast-²20³.</strong></span> 
     </span>
     <span class='ocr_line' id='line_1_29' title="bbox 182 2448 1617 2514; baseline 0.002 -20"><span class='ocrx_word' id='word_1_208' title='bbox 182 2453 253 2496; x_wconf 73' lang='lat'><strong>17.</strong></span> <span class='ocrx_word' id='word_1_209' title='bbox 302 2455 538 2506; x_wconf 77' lang='grc' dir='ltr'><strong><em>ποίτινος.</em></strong></span> <span class='ocrx_word' id='word_1_210' title='bbox 628 2448 886 2497; x_wconf 81' lang='lat' dir='ltr'><strong>Scholiasta</strong></span> <span class='ocrx_word' id='word_1_211' title='bbox 925 2449 1103 2496; x_wconf 89' lang='lat' dir='ltr'><strong>videtur</strong></span> <span class='ocrx_word' id='word_1_212' title='bbox 1146 2450 1234 2497; x_wconf 86' lang='lat' dir='ltr'><strong>hac</strong></span> <span class='ocrx_word' id='word_1_213' title='bbox 1269 2450 1452 2514; x_wconf 84' lang='lat' dir='ltr'><strong>glossa:</strong></span> <span class='ocrx_word' id='word_1_214' title='bbox 1509 2452 1617 2514; x_wconf 71' lang='grc' dir='ltr'><strong><em>οἴγει</em></strong></span> 
     </span>
     <span class='ocr_line' id='line_1_30' title="bbox 182 2531 1614 2601; baseline 0.001 -22"><span class='ocrx_word' id='word_1_215' title='bbox 182 2531 230 2579; x_wconf 79' lang='grc' dir='ltr'><strong>δὲ</strong></span> <span class='ocrx_word' id='word_1_216' title='bbox 261 2537 444 2588; x_wconf 81' lang='grc' dir='ltr'><strong><em>ἑαυτὴν</em></strong></span> <span class='ocrx_word' id='word_1_217' title='bbox 482 2537 505 2585; x_wconf 78' lang='grc' dir='ltr'>ἡ</span> <span class='ocrx_word' id='word_1_218' title='bbox 544 2537 686 2598; x_wconf 77' lang='grc' dir='ltr'><em>χάρις</em></span> <span class='ocrx_word' id='word_1_219' title='bbox 723 2537 843 2598; x_wconf 80' lang='grc' dir='ltr'><strong><em>πρὸς</em></strong></span> <span class='ocrx_word' id='word_1_220' title='bbox 876 2535 1090 2598; x_wconf 81' lang='grc' dir='ltr'><strong><em>ἀμοιβήν</em></strong></span> <span class='ocrx_word' id='word_1_221' title='bbox 1121 2553 1259 2588; x_wconf 86' lang='grc' dir='ltr'><strong><em>τινος</em></strong></span> <span class='ocrx_word' id='word_1_222' title='bbox 1295 2538 1614 2601; x_wconf 76' lang='grc' dir='ltr'><strong><em>ὑποστρεφο-</em></strong></span> 
     </span>
     <span class='ocr_line' id='line_1_31' title="bbox 178 2614 1615 2680; baseline 0.001 -20"><span class='ocrx_word' id='word_1_223' title='bbox 178 2616 295 2672; x_wconf 78' lang='grc' dir='ltr'><strong><em>μένη</em></strong></span> <span class='ocrx_word' id='word_1_224' title='bbox 320 2620 415 2660; x_wconf 74' lang='grc' dir='ltr'><strong><em>τῶν</em></strong></span> <span class='ocrx_word' id='word_1_225' title='bbox 436 2614 857 2679; x_wconf 70' lang='grc' dir='ltr'><strong><em>προϋπαρξάντων</em></strong></span> <span class='ocrx_word' id='word_1_226' title='bbox 879 2617 1286 2678; x_wconf 74' lang='grc' dir='ltr'><strong><em>ἀσφαλεστάτων</em></strong></span> <span class='ocrx_word' id='word_1_227' title='bbox 1303 2617 1383 2672; x_wconf 86' lang='lat' dir='ltr'><strong>(an</strong></span> <span class='ocrx_word' id='word_1_228' title='bbox 1400 2625 1615 2680; x_wconf 71' lang='grc' dir='ltr'><strong><em>προσφι-</em></strong></span> 
     </span>
    </p>
   </div>
  </div>
 </body>
</html>
