1726 2912
204 46 268 90 60

206 174 451 222 mutaverit
474 177 675 237 βλέπειν
698 172 845 218 altero
862 172 1022 218 verbo.
1093 173 1250 216 Totius
1274 172 1484 233 periodi:
1513 174 1638 231 ἄναξ

204 278 268 287 --
298 257 559 320 ὑμετέραις
573 257 757 316 τύχαις
785 268 904 297 nunc
925 251 1025 296 talis
1049 261 1117 296 est
1142 266 1324 297 sensus:
1359 251 1639 310 Modestiae,

203 331 403 398 Apollo,
438 338 482 379 in
505 332 722 378 omnibus
749 332 1025 378 carminibus
1056 330 1224 379 lubens
1251 332 1448 391 studeo,
1485 345 1527 380 et
1555 351 1640 381 ve-

203 430 307 458 rum
344 425 432 475 est⁷
479 415 606 479 quod
645 416 895 478 praedico,
943 426 988 460 at
1023 414 1192 460 invidia
1229 413 1524 477 deprecanda
1561 424 1639 459 ta-

204 510 336 550 men,
380 505 423 540 et
453 506 556 541 ante
586 497 743 542 omnia
779 498 975 542 deorum
1010 497 1159 558 gratia
1195 483 1451 560 eipetenda
1485 496 1640 542 victo—

205 573 348 620 ribus.

301 657 380 702 74.
426 656 531 705 πεδ’
558 660 788 728 ἀφρόνων
825 655 991 714 habet,
1040 657 1116 704 alii
1152 656 1506 725 πεδαφρόνων,
1558 655 1642 702 Sed

207 748 338 784 antea
377 743 441 800 μὴ
480 743 574 786 σὺν
611 746 782 805 μακρῷ
825 741 984 802 πόνῳ,
1034 737 1160 800 quod
1192 753 1302 783 sane
1337 736 1641 801 praetulerim

205 817 335 864 alteri
361 817 546 864 lectioni
578 841 624 880 μ,
648 839 692 868 cr.
721 841 769 882 μ.
797 822 985 886 χρόνῳ,
1027 836 1149 881 quae
1169 818 1305 863 aliam
1326 819 1646 880 praepositio-

204 916 312 946 nem
341 902 401 960 (e.
429 916 497 962 gr.
529 902 602 958 ἐν)
632 899 847 961 postulat.
922 902 998 944 Π.
1037 901 1236 948 ἄλλοτε.
1304 900 1380 943 78.
1416 902 1465 946 ἐν
1495 903 1644 961 μεγά,

205 1000 311 1048 ροις
395 983 470 1026 80.
507 984 700 1028 νίκαισι
724 990 961 1046 τρισσαῖς
1015 981 1365 1044 ὦριστόμενες,
1404 978 1532 1041 quod
1557 995 1643 1024 ve—

205 1076 307 1105 rum
341 1077 440 1105 esse
476 1059 763 1105 demonstrat
797 1062 1084 1104 Hermannus
1118 1058 1145 1103 l.
1171 1076 1209 1105 e.
1294 1059 1357 1104 ib.
1397 1061 1642 1115 δαμάσας.

206 1141 285 1187 86.
323 1141 462 1208 ὦρσε.
544 1143 620 1185 89.
659 1143 940 1205 ἁβρότητος
970 1138 1064 1188 ἐπὶ.
1142 1141 1219 1185 95.
1253 1148 1302 1187 τί
1333 1140 1382 1188 δε
1415 1145 1520 1198 τίς,
1555 1143 1644 1197 sic,

206 1237 298 1266 non
322 1237 471 1282 pravo
498 1218 657 1274 ultimo
684 1230 903 1279 accenm,
940 1236 1045 1265 nam
1070 1220 1115 1265 in
1139 1222 1419 1285 pronomine
1445 1219 1646 1284 empha-

208 1303 268 1348 sis
297 1312 386 1346 est:
424 1301 524 1363 quis
555 1310 623 1345 est
652 1299 847 1362 aliquis?

304 1384 383 1429 96.
434 1392 553 1427 tenet
583 1383 864 1445 ἄνθρωποι,
919 1396 1002 1425 nec
1034 1380 1163 1426 aliter
1192 1380 1340 1426 schol.
1375 1381 1434 1428 ad
1465 1381 1508 1427 h.
1539 1381 1567 1429 1.
1605 1394 1646 1428 et

208 1461 267 1508 ad
295 1461 443 1524 Soph.
471 1464 539 1524 Aj.
569 1463 674 1505 124.
744 1462 819 1505 99.
856 1461 940 1508 διΐ.
1012 1463 1119 1507 100.
1155 1464 1237 1509 καὶ
1268 1469 1455 1527 ἀγαθῷ.
1524 1464 1646 1509 Her-

209 1559 430 1589 mannus:
468 1546 624 1598 Πηλεῖ
653 1540 694 1589 δ’
723 1546 887 1604 ἐσθλῷ
915 1539 999 1589 καὶ
1030 1549 1065 1588 Ι.

882 1687 971 1736 ΙΧ.

308 1786 580 1850 Inscriptio:
617 1790 966 1849 Τελεσικράτει
990 1787 1229 1850 κυρηναίω
1254 1785 1617 1852 ὀπλιτοδρόμω.

311 1868 353 1911 2.
391 1870 585 1929 ἀγώνων
616 1883 722 1911 curn
750 1865 808 1928 gl.
838 1866 990 1914 ἕνεκα.
1057 1867 1102 1912 6.
1140 1870 1366 1931 ἅρπασεν
1395 1867 1556 1930 ἔνεγκέ
1580 1887 1650 1915 τε.

209 1946 302 1994 vid.
341 1947 547 1995 Boeckh.
589 1959 681 1994 not.
720 1949 814 1995 crit.
901 1950 975 1994 10.
1014 1949 1167 2005 ξένον,
1248 1950 1318 1992 ll.
1358 1951 1505 2012 χειρὶ.
1582 1948 1647 1995 ib.

209 2027 354 2075 habet
391 2033 576 2098 κούφᾳ.
662 2031 739 2073 13.
785 2035 1027 2092 μιχὲέντι
1059 2034 1212 2095 κούρα
1246 2032 1295 2075 ffi’
1325 2035 1481 2089 ύψέως
1512 2036 1649 2096 ebov—

209 2112 313 2172 βία.
394 2109 465 2154 15.
511 2119 635 2153 recte
669 2113 901 2163 κλενναῖς.
981 2110 1056 2155 16.
1104 2111 1284 2158 ἔτικτε.
1368 2111 1441 2154 18.
1478 2114 1649 2177 ἐφίλη-

212 2209 306 2239 σεν.
392 2193 466 2236 19.
518 2195 792 2258 οἱκουριᾱν.
872 2192 947 2235 20.
996 2195 1252 2239 ἁκόντεσι.
1334 2191 1412 2236 23.
1458 2194 1646 2255 εἰρήνην

212 2277 519 2337 παρέχουσα.
602 2272 680 2317 24.
730 2275 1013 2339 βλεφάροις.
1111 2273 1188 2316 27.
1241 2268 1386 2316 habet
1431 2273 1650 2336 ὀμβρίμω

212 2357 420 2414 μούναν.
490 2354 566 2398 29.
603 2357 890 2417 προσήνεπε.
959 2355 1036 2399 30.
1074 2351 1331 2420 φιλυρίδα.
1399 2354 1475 2397 31.
1508 2359 1649 2406 νῖκος.

211 2434 289 2478 33.
324 2437 398 2488 τίς
427 2438 515 2495 μὲν
545 2437 687 2498 ἀνὲρ.
720 2449 823 2478 cum
855 2434 1041 2496 optimis
1069 2432 1212 2478 libris.
1280 2435 1542 2479 Pronomen
1569 2433 1651 2477 fa-

215 2513 302 2558 cile
328 2513 583 2576 suppletur.
663 2515 741 2560 36.
788 2515 909 2562 ὅσια
940 2531 976 2559 e.
1002 2514 1061 2577 gl.
1093 2515 1237 2562 ὅσιον
1269 2518 1407 2570 ἐστὶ,
1445 2530 1530 2559 nec
1557 2512 1650 2558 ali-

215 2603 285 2637 ter·
306 2594 519 2640 intellexit
536 2594 685 2643 schol.
704 2597 936 2642 Homerici
964 2595 1050 2640 loci
1078 2612 1199 2658 quos
1222 2594 1364 2641 attulit
1385 2592 1646 2641 Boeckhius
