1726 2912
1478 59 1537 104 13

101 191 220 248 γοῦν
248 182 696 245 εὐδαιμονήσαντες
722 188 804 232 καὶ
829 187 986 240 καλῶς
1008 183 1267 243 διάξαντες
1290 190 1420 237 κατὰ
1444 191 1535 236 τὸν

100 267 242 328 βίον,
290 269 446 334 σοφοὶ
483 270 562 314 καὶ
594 268 755 328 λόγιοι
784 264 961 322 ἔδοξαν
989 266 1118 315 εἶναι
1153 270 1287 332 παρὰ
1314 277 1422 323 τοῖς
1450 289 1514 318 πο

98 350 293 403 λίταις,
349 356 392 392 et
430 346 573 392 alter:
621 348 673 395 εὖ
707 347 757 396 δὲ
792 349 1067 410 πράξαντες
1103 352 1150 395 οἱ
1188 351 1363 415 ἀρετῆς
1395 353 1538 399 ἀντι-

97 431 418 489 ποιούμενοι,
453 430 481 476 ό
508 436 679 486 ἐστιν,
717 434 1044 493 ἐπιτυχόντες
1069 434 1116 477 οἱ
1142 433 1432 486 νικήσαντες
1457 437 1538 481 καὶ

97 514 284 579 σοφίας
316 509 518 566 δόκησιν
550 510 775 574 ἔχουσιν.
861 511 1078 556 Proxime
1111 511 1248 572 igitur
1280 510 1338 556 ad
1377 528 1539 559 verum

98 590 305 646 accedit,
349 589 479 652 quod
507 589 769 635 Boeckhius
804 590 916 636 olim
950 592 1149 654 conjecit
1181 592 1233 640 εὖ
1271 593 1322 641 δὲ
1358 598 1540 660 τυχόν·-

99 691 177 727 τες
207 677 274 729 (ut
299 682 366 715 est
395 673 442 717 Ρ.
473 673 548 726 111,
574 673 680 715 103.
721 676 811 737 χρὴ
841 676 961 736 πρὸς
985 678 1216 738 μακάρων
1239 678 1542 739 τυγχάνοντ’

97 753 153 800 εὖ
192 754 500 815 πασχέμεν),
548 749 632 796 sed
668 749 795 796 idem
840 750 932 798 hoc
970 753 1138 814 rejecit.
1221 753 1382 800 Scribe
1419 772 1540 802 nunc

100 849 289 879 mecum
316 832 371 881 εὖ
402 831 452 880 δὲ
486 835 651 896 τυχών
687 853 763 888 τις
794 836 957 901 σοφὸς
989 835 1070 880 καὶ
1104 837 1337 890 πολίταις
1372 833 1538 894 ἔδοξεν

99 914 263 977 ἔμμεν.
346 916 498 963 Debet
525 918 646 962 enim
672 932 784 962 unus
809 917 946 974 civis,
982 918 1058 979 qui
1085 917 1232 962 victor
1256 926 1345 973 est,
1381 922 1540 962 omni-

96 994 184 1042 bus
220 998 381 1043 ceteris
418 999 609 1060 opponi.
679 996 816 1043 Plane
850 999 915 1042 sic
952 1008 1020 1043 est
1059 999 1103 1042 in
1141 1000 1187 1043 P.
1227 998 1341 1054 Vlll,
1373 998 1448 1042 76.
1495 1002 1537 1045 εἰ

100 1081 189 1145 γάρ
216 1098 294 1133 τις
320 1084 445 1127 ἐσλὰ
475 1082 701 1129 πέπαται
728 1086 792 1138 μὴ
821 1085 916 1127 σὺν
941 1087 1109 1142 μακρῷ
1132 1083 1292 1142 πόνῳ,
1329 1083 1537 1134 πολλοῖς

101 1164 262 1224 σοφὸς
289 1159 424 1207 δοκεῖ
453 1159 552 1207 πεδ’
579 1163 805 1228 ἀφρόνων
831 1162 940 1223 βίον
966 1162 1273 1225 κορυσσέμεν
1297 1163 1543 1225 ὀρθοβού-

100 1242 239 1286 λοισι
269 1248 538 1305 μαχαναῖς.

201 1321 274 1364 18.
297 1323 493 1386 ῥέοντα
563 1322 638 1365 22.
669 1322 890 1373 εὔθυμον
911 1325 978 1375 εἰς
996 1325 1252 1369 τελευτάν.
1321 1322 1397 1366 24.
1429 1339 1542 1388 προ·

101 1403 260 1455 τιθεὶς
279 1436 291 1456 ,
326 1399 412 1446 sed
445 1415 674 1460 suprascr.
705 1403 1011 1469 προστιθείς.

773 1547 865 1595 Vl.

198 1646 470 1710 Inscriptio:
522 1646 706 1709 ἀγησὶα
734 1647 1080 1712 συρρακουσίω
1114 1650 1204 1694 vics
1236 1649 1538 1711 σωστράτου

107 1728 282 1783 ἀπήνη.

198 1807 243 1852 6.
279 1807 416 1853 etiam
440 1817 596 1853 noster
621 1805 768 1852 codex
795 1806 991 1870 praebet
1019 1813 1359 1871 συρακοσσοῖν.
1427 1804 1539 1851 ibid.

102 1887 218 1934 τίνα
241 1906 320 1933 κεν
344 1892 492 1954 φύγῃ.
562 1888 638 1929 10.
674 1886 793 1933 οὔτε
824 1895 937 1949 παρ’
964 1886 1206 1952 ἀνδράσιν
1236 1886 1353 1933 ου’τε
1387 1890 1540 1935 ναυσὶ

102 1983 140 2012 c.
169 1965 230 2029 gl.
264 1971 489 2020 ναύταις.
557 1967 676 2011 Dicit
700 1964 918 2011 Pindarus
946 1983 1100 2027 neque
1123 1968 1168 2011 in
1195 1968 1418 2022 terrestri,
1452 1984 1543 2013 ne-

102 2063 198 2109 que
228 2047 273 2091 in
308 2046 460 2092 navali
499 2048 696 2092 exercitu
736 2046 980 2103 honorari,
1025 2047 1156 2109 quod
1194 2049 1292 2093 sine
1327 2046 1540 2110 periculo

103 2136 368 2189 susceptum
403 2128 468 2173 sit.
544 2129 644 2172 Non
678 2126 801 2172 idem
830 2143 989 2174 sensus
1019 2130 1155 2173 Hom.
1188 2130 1351 2190 Hymn.
1382 2130 1427 2173 in
1453 2132 1540 2194 Ap.

104 2210 195 2253 141
229 2224 334 2271 sqq.
371 2210 557 2257 οἴλλοτε
587 2212 677 2271 μέν
707 2214 752 2257 τ’
780 2215 858 2258 ἐπὶ
896 2215 1096 2258 Κύνθου
1133 2213 1317 2274 ἐβήσαο
1351 2229 1540 2257 παιπα-

106 2292 334 2345 λόεντος,
383 2291 571 2338 ἄλλοτε
609 2289 650 2337 δ’
688 2291 753 2338 αὖ
797 2295 974 2345 νήσους
1008 2310 1061 2337 τε
1097 2293 1179 2337 καὶ
1212 2288 1388 2355 ἀνέρας
1422 2294 1541 2345 ἧλά·

106 2371 308 2428 σκαζες,
364 2372 440 2433 qui
475 2370 605 2417 locus
646 2371 757 2417 olim
794 2370 852 2416 de
886 2370 1172 2418 distinctione
1202 2369 1460 2416 insularum
1499 2381 1541 2417 et

106 2451 374 2496 continentis
410 2462 556 2498 terrae
591 2451 956 2514 intelligebatur,
1002 2462 1048 2497 at
1085 2450 1331 2498 discrimen
1365 2449 1441 2497 hic
1475 2460 1542 2498 est

105 2532 220 2576 inter
255 2542 457 2579 montem
488 2532 683 2578 arduum
716 2532 921 2596 ideoque
958 2549 1050 2578 non
1084 2533 1453 2595 frequentatum,
1498 2544 1539 2580 et

105 2609 353 2658 hominurn
378 2622 534 2659 coetus
561 2614 605 2659 in
627 2612 785 2660 insulis
811 2612 1014 2676 Apollini
1037 2615 1188 2659 sacris„
