1726 2912
14 2418 19 2434 ι

17 2486 20 2509 Ι

1441 34 1501 84 91

71 187 126 216 σι
162 177 272 223 τοῖς
309 172 492 224 ἱστίοις
529 172 748 224 πλεύσας
783 170 875 223 τὰς
923 177 1020 217 τῶν
1068 170 1208 226 ξένων
1253 168 1505 220 ἑστιάσεις

72 255 366 306 ἐποιήσατο.

744 399 833 445 111.

171 494 250 538 36.
306 499 391 540 νῦν
431 491 472 539 δ’
507 493 573 540 αὖ
609 498 737 554 μετὰ
775 499 1028 559 χειμέριον
1064 498 1303 542 ποικίλων
1348 499 1507 554 μηνῶν

76 575 233 635 ζόφον
258 578 395 637 χθὼν
424 573 516 622 ὧτε
548 581 883 640 φοινικέοισιν
911 577 1127 631 ἄνθησεν
1158 574 1337 640 ῥόδοις.
1405 575 1509 618 Non

77 652 326 700 tolerabile
367 653 548 700 videtur
586 656 778 701 existere
813 654 1136 721 hyperbaton,
1182 658 1219 701 si
1258 654 1509 702 scholiasta

77 744 264 779 auctore
296 737 532 782 ποικίλων
559 742 720 796 μηνῶν
751 736 1010 782 referamus
1045 736 1104 782 ad
1137 738 1376 793 ἄνθησεν.
1458 735 1514 778 At

78 812 195 877 quid
221 825 353 860 erunt
380 835 514 862 ποικ.
544 836 594 877 μ.
625 815 760 861 relati
792 815 850 860 ad
877 823 1132 881 χειμέριον
1160 816 1354 885 ζόφον.)
1420 817 1515 859 Ne-

77 896 175 941 scio
207 894 452 958 equidem,
499 913 578 951 ac,
617 895 727 942 dum
756 896 1017 959 probabilis
1052 896 1298 958 explicatio
1331 893 1514 957 proda-

77 987 172 1033 tur,
207 977 252 1020 in
281 978 542 1038 conjectura
575 979 869 1039 acquiescam
900 979 1105 1045 φοινίων
1129 997 1177 1037 μ,
1247 975 1300 1020 cf.
1326 978 1376 1020 N.
1400 977 1516 1030 vlu,

79 1059 157 1103 32.
195 1064 244 1105 ἐν
272 1061 621 1126 πολυφθόροις
650 1061 868 1123 ἁμέραις.

177 1139 253 1182 53.
308 1140 415 1186 ἴστε
444 1141 544 1199 μὰν
645 1136 717 1181 Ad
755 1135 871 1182 haec
905 1136 1233 1203 Chrysippus:
1285 1143 1518 1199 αἱνιγμαἱ

82 1218 242 1274 τωδῶς
271 1232 402 1288 φησι
432 1224 726 1285 προσῆχθαι
752 1222 842 1272 τὴν
875 1222 980 1285 περὶ
1010 1219 1221 1272 Αἴαντος
1255 1219 1516 1284 ἱστορίαν·

83 1299 270 1356 ἄδηλον
303 1305 424 1365 γὰρ,
475 1304 686 1364 πότερον
723 1305 788 1354 εἰς
820 1305 910 1355 τὴν
939 1304 1100 1355 πάλην
1138 1302 1289 1346 τείνει
1323 1303 1413 1354 τὴν
1449 1318 1518 1359 γε-

82 1386 290 1442 νομένην
319 1383 455 1446 παρὰ
485 1387 581 1427 τοῦ
608 1383 911 1444 νικηφόρου,
948 1382 1034 1427 ὅτε
1063 1384 1250 1434 ἐνίκησε
1287 1380 1444 1443 δόλῳ,
1491 1378 1521 1433 ἢ

83 1466 149 1514 εὶς
174 1464 239 1507 τὰ
265 1463 373 1524 περὶ
399 1464 488 1514 τὴν
518 1462 681 1523 κρίσιν
707 1466 803 1508 τῶν
834 1460 1013 1506 ὅπλων.
1060 1460 1263 1520 ἄμεινον
1288 1459 1341 1507 δέ
1365 1473 1521 1527 φησιν

87 1541 172 1589 ὅτι
204 1542 286 1588 καὶ
316 1544 373 1595 ὡς
407 1539 501 1600 (fo.
529 1544 587 1594 ὡς
613 1541 727 1597 καὶ)
764 1544 788 1587 ὁ
819 1539 937 1593 Αἴας
969 1541 1143 1601 μείζων
1170 1539 1233 1587 ὢν
1265 1543 1395 1587 κατὰ
1427 1543 1519 1586 τὸν

88 1628 256 1685 ἀγῶνα
297 1623 562 1685 βαστάζων
603 1624 693 1668 τὸν
730 1618 977 1669 Ὀδυσσέα
1026 1619 1151 1683 δόλῳ
1197 1626 1310 1687 παρ’
1358 1625 1524 1666 αὐτοῦ

77 1705 295 1769 ’ἐλείφθη
329 1699 655 1761 (scribendum
674 1703 916 1769 ἐλήφθη),
956 1702 1086 1748 οὕτω
1115 1703 1196 1747 καὶ
1220 1705 1245 1747 ὁ
1264 1704 1523 1752 Μέλισσος

87 1785 285 1844 μείζονα
322 1782 448 1829 ὄντα
486 1785 576 1829 τὸν
611 1786 987 1843 ἀνταγωνιστὴν
1022 1788 1084 1846 τῇ
1115 1785 1268 1848 τέχνη
1316 1781 1521 1835 ἐνίκησε.

88 1864 268 1909 Stoicus
301 1878 466 1923 parum
499 1859 690 1906 attendit
723 1860 783 1905 ad
810 1877 972 1906 nexum
1002 1861 1357 1917 sententiarum,
1398 1859 1526 1906 alio-

90 1946 168 2006 qui
185 1941 505 1998 intellexisset,
531 1940 786 1987 Pindarum
809 1939 868 1986 de
895 1941 1151 2003 majoribus
1174 1941 1347 1987 Melissi
1370 1956 1524 2003 agere.

186 2026 264 2069 63.
317 2028 479 2088 τόλμᾳ
520 2027 609 2089 γὰρ
644 2026 774 2076 εἰκὼς
806 2026 971 2083 θυμὸν
1011 2026 1326 2089 ἐριβρεμετᾶν
1364 2027 1526 2083 θηρῶν

90 2110 301 2154 λεόντων
345 2111 395 2153 ἐν
436 2109 590 2169 πόνῳ,
643 2111 793 2165 μῆτιν
835 2102 875 2150 δ’
921 2107 1131 2161 ἀλώπηξ.
1234 2103 1528 2149 Describitur

93 2187 419 2250 pancratiasta‚
456 2187 533 2248 qui
558 2196 736 2231 erectus
761 2194 935 2247 pugnat
962 2195 1004 2230 et
1027 2186 1246 2247 supinus3
1282 2194 1324 2230 et
1350 2194 1527 2230 erectus

94 2267 287 2330 quidem
315 2276 471 2312 caestu
498 2268 658 2321 utitur,
693 2264 826 2310 humi
859 2267 1058 2311 maxime
1091 2264 1290 2328 pedibus
1322 2263 1526 2310 luctatur.

93 2351 246 2405 Quum
279 2360 431 2393 autem
468 2350 790 2412 ἐριβρεμετᾶν
830 2351 988 2410 θηρῶν
1027 2346 1216 2391 sufficiat
1258 2344 1425 2405 (codd.
1461 2350 1526 2412 ε’ρ.

94 2431 310 2493 θηρᾶν),
358 2430 631 2491 praesertim
677 2424 806 2488 apud
848 2424 970 2471 hunc
1013 2437 1232 2491 poetam,
1284 2425 1345 2472 ad
1380 2426 1531 2489 signi-

94 2507 302 2554 ficandos
330 2507 515 2563 leones,
551 2507 607 2553 cf.
634 2510 664 2553 l.
690 2509 753 2560 V,
779 2510 855 2553 46.
892 2510 935 2553 Ρ.
964 2508 1021 2564 V,
1050 2510 1128 2555 61.
1166 2509 1253 2564 IX,
1279 2509 1366 2563 60,
1403 2512 1531 2556 λεόν-

97 2610 192 2638 των
229 2589 437 2651 glossam
482 2590 627 2651 sapst,
672 2605 810 2652 quarn
856 2588 1019 2635 frustra
1058 2605 1283 2635 exornare
1324 2587 1531 2643 student,

123 2712 144 2726 8
