1726 2912
163 34 226 89 ⁷2

164 161 268 206 Jam
296 156 452 212 vides,
489 170 579 200 cur
603 154 775 199 dictum
798 155 854 198 sit
883 154 1122 215 Καδμεῖοί
1148 174 1227 202 νιν
1258 162 1363 202 οὐκ
1391 157 1600 205 ἀέκον-

166 258 263 291 τες
295 238 480 284 οἴνὲεσι
505 239 710 298 μίγνυον
734 237 935 297 Αἰγίνας
957 236 1133 283 ε”κατιε
1170 235 1275 296 quia
1306 234 1481 280 scilicet
1507 252 1601 281 non

164 317 343 363 alienus
371 317 425 362 iis
455 326 551 362 erat
579 315 752 372 victor,
798 312 925 360 haud
966 314 1091 358 inviti
1127 312 1355 359 ornabant
1390 312 1600 361 floribus.

163 396 239 444 Ad
257 400 646 443 constructionem
665 396 828 441 confer
852 398 897 442 P.
928 396 1042 452 V-lll,
1067 396 1144 440 82.
1181 393 1368 456 δαίμων
1393 393 1443 443 δὲ
1467 398 1604 464 παρί-

163 498 307 539 σχει,
347 481 525 527 ἄλλοτ’
549 479 708 526 οἷ’λλον
732 479 917 544 ὕπερὲε
944 480 1164 541 βάλλων,
1199 478 1356 524 ἄλλον
1382 481 1479 526 ὑπὸ
1505 497 1604 542 χει-

161 567 254 626 ρῶν
285 561 446 626 μέτρῳ
482 555 806 621 καταβαίνει,
854 567 898 602 et
932 555 1047 602 ibid.
1079 559 1155 601 83.
1194 558 1349 619 ‘'Hpag
1383 561 1428 604 τ’
1463 562 1606 620 ἀγῶν’

162 643 430 705 ἐπιχώριον
466 638 736 702 δαμάσσας
777 639 913 705 ἔργῳ.
997 638 1154 699 Agitur
1190 648 1351 683 nostro
1391 637 1500 685 loco
1543 637 1604 683 de

160 720 426 778 Heracleis,
471 722 634 784 itaque
674 723 938 785 Ἡρακλέος
978 723 1150 784 ὀλβίαν
1189 722 1306 783 πρὸς
1337 723 1500 766 αὐλὰν
1544 717 1604 764 de

162 799 321 847 herois
352 817 489 847 sacro
530 802 818 864 acceperim,
866 817 1016 863 prope
1052 797 1191 863 quod
1230 799 1467 845 celebrata
1504 816 1604 846 esse

160 880 378 929 videntur
403 883 679 939 certamina,
704 881 955 928 verisimile
979 892 1130 926 autem
1156 879 1441 942 pentathlum
1466 880 1606 927 fuisse

160 974 262 1008 tum
302 961 674 1008 Timasarchum.
758 964 975 1007 Ceterum
1018 960 1177 1004 malim
1221 960 1379 1022 legere
1425 966 1603 1024 ὀλβίαν

162 1047 481 1112 παρ’,αὐλάν

258 1123 336 1169 35.
373 1124 502 1186 ἴυγγι
528 1123 569 1172 δ’
596 1126 806 1186 ἕλκομαι
829 1122 952 1188 ἦτορ
978 1126 1225 1186 νουμηνίᾳ
1250 1120 1462 1185 ἓιγέμεν.
1500 1128 1606 1187 ΟΡ-

160 1207 270 1250 time
298 1203 416 1250 haec
451 1220 475 1249 a
503 1203 651 1249 schol.
684 1204 906 1268 explicata
934 1215 1061 1250 sunt:
1110 1209 1167 1259 ὡς
1199 1208 1298 1253 ἀπὸ
1331 1210 1604 1273 φαρμάκου

163 1290 243 1333 καὶ
281 1286 446 1349 ἴυγγος
476 1286 685 1348 ἕλκομαι
714 1290 804 1341 τὴν
834 1290 1002 1349 ψυχὴν
1039 1294 1100 1348 τῇ
1127 1290 1402 1346 ἐπιὲυμίᾳ,
1438 1285 1468 1350 ᾗ
1494 1291 1604 1334 ὑπε·

161 1371 358 1430 σχόμην
385 1364 740 1424 ἐπιδείξασθαι
767 1371 857 1415 τὸν
880 1372 1124 1415 ἐπινίκιον
1154 1364 1480 1420 συντελέσας.
1517 1365 1598 1415 διὸ

162 1454 229 1496 τὰ
272 1450 382 1513 περὶ
418 1452 507 1494 τὸν
545 1446 794 1512 Ἡρακλέα
840 1452 1000 1508 λέγειν
1046 1451 1330 1508 κωλύομαι,
1381 1446 1603 1496 σπεύδων

164 1532 425 1575 τελειῶσαι
479 1531 568 1575 τὸν
616 1530 802 1588 ὕμνον,
862 1533 929 1582 εἰς
971 1532 1027 1575 ὃν
1068 1530 1365 1589 ὡμολόγησα
1413 1532 1601 1592 καιρόν.

160 1609 262 1652 Non
287 1607 461 1664 obstat,
498 1607 626 1669 quod
652 1610 888 1654 Dissenius
918 1609 1002 1668 ait,
1039 1608 1282 1653 Pindarum
1315 1607 1440 1653 haud
1469 1610 1606 1654 attin-

163 1704 274 1750 gere
307 1688 593 1733 novilunium
627 1690 669 1733 in
699 1690 774 1745 iis,
812 1705 933 1750 quae
961 1690 1174 1750 proxime
1205 1699 1482 1751 sequuntur,
1518 1688 1604 1735 sed

160 1769 324 1813 iterum
374 1767 554 1831 digredi
594 1768 655 1814 ad
695 1768 999 1814 Aeacidarum
1038 1780 1235 1831 gentem.
1319 1772 1446 1816 Haec
1480 1773 1603 1817 enim

161 1865 272 1914 pars
298 1848 358 1895 de
382 1848 593 1895 Aeacidis
617 1867 674 1895 ne
697 1848 925 1895 habeatur
951 1853 1253 1916 παρέκβασις
1270 1886 1282 1905 ,
1320 1851 1461 1911 ipsius
1487 1851 1604 1895 Dis—

160 1931 272 1976 senii
298 1940 428 1976 cavet
452 1929 727 1976 introductio
754 1929 893 1993 hujus
918 1932 1157 1986 carminis,
1193 1930 1272 1975 ubi
1293 1941 1416 1977 recte
1439 1942 1604 1977 osten-

162 2009 227 2055 dit
250 2010 660 2057 Theandridarum
688 2022 871 2074 gentem
902 2011 1109 2073 plurimis
1136 2013 1337 2058 victoriis
1365 2012 1602 2059 celebrem

163 2092 430 2156 comparari
477 2107 582 2136 cum
627 2090 934 2136 Aeacidarum
983 2091 1289 2137 illustrissima
1328 2093 1500 2150 domo,
1559 2103 1602 2138 et

161 2173 361 2218 maxime
400 2189 517 2218 nunc
557 2189 612 2217 ex
652 2182 857 2233 utroque
892 2188 1062 2234 genere
1099 2172 1451 2218 Timasarchum
1490 2191 1600 2219 cum

161 2251 329 2306 Peleo,
365 2253 439 2299 cui
471 2254 661 2299 victoria
694 2252 900 2299 Thetidis
934 2271 1027 2299 non
1061 2255 1237 2300 minore
1271 2254 1439 2301 labore
1478 2273 1601 2300 con—

159 2334 332 2379 stiterat
367 2351 511 2397 quam
549 2334 856 2380 Timasarcho
894 2351 1067 2381 corona
1112 2338 1354 2382 Nemeaea.
1439 2335 1601 2382 Artifi-

160 2415 284 2460 cium
311 2417 478 2461 summi
510 2426 676 2477 poetae
708 2426 799 2472 est,
838 2427 883 2461 ut
916 2415 1125 2462 videatur
1155 2415 1441 2480 disjungere,
1478 2435 1600 2480 quae

159 2493 440 2543 cohaerent:
489 2513 583 2560 quo
623 2495 814 2542 artificio
855 2497 928 2542 bis
974 2498 1018 2543 in
1057 2497 1150 2543 hoc
1190 2499 1394 2544 carmine
1438 2501 1597 2553 utitur,

159 2573 234 2621 hie
258 2585 300 2622 et
329 2592 392 2623 vs.
413 2581 488 2624 69.
557 2579 613 2624 cf.
643 2596 763 2642 quae
790 2579 929 2626 docet
957 2579 1188 2626 Welcker.
1216 2582 1330 2625 Mus.
1361 2579 1503 2626 Rhen.
1541 2581 1591 2625 Π.
