1726 2912
162 71 226 115 88

165 198 303 246 ticula
335 195 599 258 copulativa
628 194 772 265 deest.
853 195 1070 238 Fortasse
1099 193 1283 256 scripsit
1311 194 1355 236 P.
1387 199 1598 257 περᾶσαι,

161 287 212 329 τ’
237 285 288 329 ἐν
316 282 363 327 ἀ.
389 298 428 324 κ.
498 274 553 320 cf.
575 272 871 336 hyperbaton
894 272 1044 319 simile
1073 272 1143 318 Ol.
1166 273 1249 329 VI,
1274 274 1348 320 42.
1379 269 1598 339 πραΰμη-

165 362 248 409 τίν
276 361 322 407 τ’
344 359 626 407 Ἐλείθυιαν
650 359 967 422 παρέστασέν
993 374 1048 402 τε
1074 356 1282 421 Μοίρας.

264 440 341 484 12.
376 436 662 483 scholiastae
682 436 926 502 explicatio
944 455 953 481 ε
992 441 1080 486 τὸν
1102 442 1296 502 πατέρα
1315 441 1480 484 αὐτοῦ
1496 442 1598 499 Ἀρ-

165 523 370 571 κεσίλαν
408 520 661 584 μακαρίζω
699 521 893 574 θαητὸν
933 518 1060 565 ὄντα
1099 522 1161 566 τὸ
1199 525 1342 579 σῶμα
1385 519 1467 564 καὶ
1506 518 1598 563 τὸν

165 606 410 664 σύγγονον
437 605 604 648 αὐτοῦ
628 601 886 662 Ἀτρεμίαν
915 603 972 652 ὡς
999 598 1229 667 ἀδελφοῦ
1259 604 1423 646 αὑτοῦ
1456 597 1601 650 ὄντος

164 683 424 748 Ἀτρεμίου
447 681 474 738 ἦ
502 686 560 736 ὡς
593 679 840 750 ἀδελφῆς,
874 677 923 722 id
946 677 1117 724 saltem
1143 680 1239 725 veri
1264 677 1433 736 habet,
1470 674 1601 740 quod

164 766 402 829 ξύγγονον
440 762 500 810 de
533 762 735 809 fraterna
766 760 1100 807 necessitudine
1139 759 1318 806 dictum
1353 759 1601 823 accipitur,

165 847 252 892 etsi
280 843 455 891 nullum
484 843 626 890 fuisse
651 847 903 889 Atremiam
931 842 1068 888 nobis
1090 857 1369 904 persuasum
1393 851 1476 887 est.
1545 842 1601 885 At

162 938 389 989 tanquam
414 941 601 973 sorores
628 936 731 971 sunt
758 924 1061 991 pulchritudo
1094 929 1176 985 (τὸ
1207 927 1401 979 θαητὸν
1429 921 1600 984 δέμας)

164 1018 208 1054 et
236 1009 431 1064 sanitas,
478 1018 603 1053 recte
628 1008 751 1053 enim
783 1009 836 1051 G.
860 1005 1168 1051 Schneiderus
1201 1008 1441 1070 ἀρτεμίαν
1478 1018 1601 1067 pro-.-

162 1089 332 1154 posuit.
399 1088 538 1147 Quod
566 1098 724 1133 autem
754 1087 938 1151 scripsit
972 1085 1193 1130 Pindarus
1226 1087 1475 1151 μακαρίξω
1507 1105 1601 1134 πα-

162 1174 262 1236 τέρ’
299 1171 588 1237 Ἀρκεσίλαν
626 1173 708 1218 καὶ
747 1172 808 1217 τὸ
850 1173 1041 1224 θαητὸν
1078 1166 1237 1223 εἶδος,
1287 1181 1536 1230 compares
1567 1166 1601 1209 Ι.

163 1251 264 1307 Vll,
299 1253 340 1297 l.
387 1250 640 1319 Κλεάνδρῳ
674 1271 751 1306 τις
785 1250 959 1314 ἁλικίᾳ
993 1269 1048 1298 τε
1084 1252 1268 1315 λύτρον
1299 1245 1503 1304 εὔδοξον
1539 1272 1604 1283 --

168 1337 400 1396 καμάτων
435 1361 497 1370 --
533 1336 835 1399 ἀνεγειρέτω.

1718 1141 1724 1317 1

1719 1356 1721 1376 1
