1726 2912
1478 53 1539 98 2?

30 230 31 236 ,
99 193 192 228 tam
217 181 399 229 diversa
424 181 519 246 legi
550 185 749 231 notione.
817 185 941 231 Verti
985 184 1137 230 »ubi«
1156 218 1168 240 ,
1213 183 1270 230 cf.
1296 186 1427 231 Nem.
1450 184 1538 243 111,

28 277 30 283 ’
99 265 176 310 24.
244 267 504 325 Quemnam
534 263 642 311 dicit
665 264 858 311 locum?
926 268 1129 323 Locros,
1165 264 1388 323 arbitror,
1421 267 1540 331 Epi-

101 343 372 408 zephyrios‚
419 344 583 391 urbem
626 347 929 402 maritimam,
988 363 1081 408 quo
1125 362 1229 392 cum
1276 348 1540 408 pervenerit

100 424 195 471 hoc
236 442 448 485 carmen,
497 427 708 493 lapillum
745 428 922 475 auferet
965 427 1104 474 unda.
1186 427 1374 492 ἀνδρῶν
1411 426 1540 489 (cod.

101 510 329 566 θνατῶν)
368 507 463 554 noli
499 508 557 554 ad
592 514 887 577 ἐπιμομφὰν
922 509 1120 564 referre,
1165 508 1385 554 dicuntur
1415 508 1540 555 cho-

101 597 278 644 remae,
330 589 384 633 cf.
425 592 470 634 P.
508 591 567 644 V,
604 592 678 633 22.
725 588 917 647 δέδεξαι
954 590 1097 637 τόνδε
1134 598 1294 650 κῶμον
1330 594 1537 657 ἀνέρων,

104 670 149 713 Ρ.
177 670 239 725 Χ,
267 670 309 713 6.
344 671 612 729 ἐπικωμίαν
642 667 833 734 ἀνδρῶν
865 675 1057 718 κλυτὰν
1088 670 1203 718 ὅπα.
1287 671 1445 732 ltaque
1475 685 1540 716 vs.

100 750 143 793 9.
171 749 387 810 conjunxi
418 756 506 796 νῦν
538 765 640 793 cum
670 749 1020 814 superioribus,
1066 766 1152 796 nec
1189 748 1354 794 admisi
1392 749 1542 795 scho-

103 828 338 874 liastarum
357 828 736 892 explicationem,
763 831 840 892 qui
867 831 1143 875 extrinsecus
1169 829 1541 876 subaudiendum

102 920 268 975 putant
298 910 504 972 ἴδωμεν,
535 917 867 978 θεωρήσωμεν,
939 913 1013 957 Vs.
1049 915 1117 956 ll.
1148 916 1289 975 λόγος
1318 922 1384 957 est
1405 927 1540 957 sum-

101 1005 179 1035 ma
207 991 438 1054 pecuniae
466 989 665 1037 debitae.

203 1073 273 1117 10.
310 1077 633 1120 κατακλύσει.
706 1075 780 1119 15.
817 1080 994 1122 κυκνέα
1024 1074 1150 1133 (sic).
1222 1075 1292 1118 17.
1322 1079 1370 1121 ἐν
1394 1077 1540 1135 ὀλυμ-

105 1154 194 1200 πία
226 1160 386 1200 νικῶν.
460 1156 532 1198 18.
569 1157 695 1218 ὶόλᾳ.

201 1235 279 1279 21.
325 1237 477 1292 ἓήξας
513 1234 563 1283 δὲ
600 1240 681 1284 καὶ
710 1243 839 1304 φῶτ’
869 1241 1027 1301 ἀρετᾷ
1061 1238 1182 1284 ποτὶ
1217 1238 1318 1283 πελ.
1350 1235 1541 1297 (ὅρμησε

105 1317 258 1369 κλέος.
329 1316 498 1360 Verum
532 1326 599 1360 est
629 1318 850 1380 ὤρμασε,
891 1317 996 1377 quia
1033 1331 1122 1360 non
1156 1314 1432 1377 generaliter
1463 1314 1543 1361 lo-

104 1396 281 1458 quitur,
317 1397 545 1460 pertinent
577 1396 698 1440 enim
733 1394 848 1439 baec
878 1394 937 1439 ad
970 1394 1297 1457 Agesidamum
1333 1405 1376 1440 et
1411 1395 1542 1442 llam.

104 1478 322 1522 Ceterum
355 1476 487 1522 locus
522 1486 772 1537 corruptus
808 1485 896 1531 est,
934 1492 1043 1520 cum
1076 1481 1225 1543 φύντ’
1259 1480 1417 1541 ἀρετᾷ
1448 1477 1544 1520 mi-

103 1559 227 1604 nime
254 1557 441 1603 tolerari
471 1558 620 1622 possit
652 1573 705 1602 ea
734 1558 951 1614 notione,
996 1573 1089 1619 qua
1120 1556 1261 1619 vulgo
1293 1558 1545 1620 accipiunt,

104 1637 234 1701 quod
271 1639 513 1685 sentientes
547 1639 830 1701 scripserunt
865 1636 1049 1695 quidam
1086 1639 1373 1700 grammatici
1417 1630 1546 1707 φῶτ’

104 1723 262 1785 ἀρετᾷ
291 1731 336 1766 et
366 1724 448 1768 καὶ
480 1736 566 1782 pro
599 1740 662 1768 κε.
733 1719 915 1765 Scilicet
943 1735 1024 1765 eos
1052 1718 1190 1780 fugit,
1228 1724 1387 1784 ἀρετᾷ
1413 1718 1544 1781 glos-

103 1816 232 1847 sema
259 1817 358 1847 esse
390 1802 517 1847 vocis
546 1809 683 1868 φυᾷ,
734 1800 909 1846 latentis
941 1801 985 1844 in
1014 1803 1182 1866 φύντ’,
1232 1799 1357 1861 quod
1389 1816 1543 1845 occu-

104 1883 230 1943 pavit
258 1881 416 1927 sedem
451 1883 570 1927 alius
599 1898 722 1926 nunc
754 1880 934 1946 perditi.
1002 1881 1248 1942 Suspicor,
1286 1897 1311 1925 a
1342 1880 1543 1928 Pindaro

106 1963 327 2025 scriptum
352 1962 522 2009 fuisse:
560 1964 733 2020 θήξαις
766 1962 816 2010 δὲ
848 1969 959 2030 φυᾷ
990 1965 1224 2028 κρατερὸν
1256 1965 1374 2009 ποτὶ
1403 1964 1546 2010 πελώ·

106 2063 214 2107 ριον
254 2044 479 2110 ὥρμασεν
523 2048 675 2098 κλέος.
761 2042 817 2088 cf.
860 2042 929 2087 Ol.
964 2044 1051 2098 lx,
1098 2044 1200 2087 107.
1246 2046 1305 2090 τὸ
1343 2042 1393 2091 δὲ
1430 2049 1544 2111 gova}

107 2129 385 2192 κράτιστον
416 2126 567 2174 ἅπαν.

205 2208 280 2251 23.
314 2210 442 2261 τινὲς
463 2213 663 2271 παῦροι.
731 2208 807 2252 24.
845 2205 988 2252 'nabet
1012 2206 1174 2271 ἔργων.
1241 2204 1318 2249 25.
1353 2208 1543 2267 σήματι

110 2297 156 2332 et
186 2286 247 2332 ib.
284 2291 448 2350 ἀγῶνα
481 2287 524 2336 δ’
552 2290 819 2353 ἐξαίρετον.

206 2368 283 2412 26.
334 2371 495 2430 βωμὸν
530 2368 799 2434 ἑξάριὲμον
838 2372 1072 2433 ἡρακλέης
1105 2368 1359 2415 ἐκτίσατο.
1430 2365 1543 2411 Duo

109 2446 255 2493 habet
284 2463 390 2492 cum
421 2447 520 2493 aliis
543 2448 731 2509 optimis
757 2445 872 2492 bod.
904 2446 1208 2509 glossemata,
1239 2445 1404 2505 quibus
1432 2444 1544 2508 quid

110 2528 287 2575 faceret
308 2528 486 2573 nescius
504 2526 745 2573 Triclinius
770 2527 954 2573 intrusit
980 2526 1298 2573 foedissimum
1320 2524 1437 2571 illud
1463 2528 1542 2592 βίη

111 2612 342 2676 ἡρακλέος
365 2605 570 2670 lepidam
598 2605 870 2655 adscribens
894 2607 1099 2654 notulam
1125 2609 1171 2653 in
1198 2610 1341 2654 Mose.
1368 2608 1416 2653 Β.
1437 2623 1544 2654 ser-
