1726 2912
470 413 1186 483 xfflffloNlGAffl

806 666 842 711 1.

208 772 250 816 6.
302 769 457 816 Schol.
489 770 548 816 ad
581 776 736 827 Ζηνὸς
774 776 1016 820 Αἰτναίου
1050 780 1202 838 χάριν
1243 771 1428 819 dedisse
1472 776 1548 820 vi-

114 851 271 899 detur:
322 857 439 921 ὑπὲρ
470 862 568 902 τοῦ
595 858 793 916 μέλλειν
826 858 984 904 αὐτὸν
1016 858 1094 903 ἐπὶ
1122 863 1209 910 τῆς
1240 861 1546 920 πανηγύρεως

113 937 442 999 οἰσθήσεσθαι
478 934 550 980 vel
583 940 681 985 ὑπὸ
714 944 800 990 τῆς
830 957 878 983 π.
962 938 1005 981 9.
1053 940 1218 984 κείνου
1250 941 1344 985 σὺν
1372 935 1549 1002 ἀνδρὸς

111 1014 400 1076 δαιμονίαις
439 1023 648 1082 ἀρεταῖς,
737 1017 891 1063 Placet
932 1019 1094 1079 Heynii
1132 1019 1360 1063 correctio
1399 1015 1550 1062 scho-

109 1094 269 1142 hastae
301 1101 415 1146 ἀντὶ
442 1105 538 1146 τοῦ
567 1103 617 1145 ἐκ
645 1103 835 1162 πρώτης
861 1103 1146 1163 καταβολῆς
1177 1104 1201 1154 ἡ
1227 1102 1356 1163 τυχὴ
1382 1103 1548 1160 τούτῳ

114 1182 404 1241 συνέλαβεν.
476 1180 591 1222 Nam
621 1181 867 1241 συνέβαλε
897 1179 1160 1236 soloecum,
1195 1195 1284 1241 pro
1315 1195 1414 1242 quo
1445 1177 1549 1224 sal-

114 1266 204 1302 tem
236 1256 488 1304 dicendum
517 1271 616 1305 erat
644 1264 971 1324 συνεβάλετο.

209 1339 284 1384 20.
339 1339 494 1384 Schol.
543 1346 568 1388 ὁ
602 1340 652 1389 δὲ
684 1350 824 1396 νοῦς·
880 1343 1029 1398 ἔστην
1064 1343 1114 1390 δὲ
1151 1343 1550 1409 παραγενόμενος

110 1423 190 1469 ἐπὶ
225 1427 331 1474 τοῖς
362 1420 521 1475 οἴκοις
553 1428 651 1468 τοῦ
679 1422 948 1488 φιλοξένου
981 1421 1186 1487 ἀνδρὸς,
1231 1427 1297 1468 τὰ
1336 1424 1466 1469 καλὰ
1497 1420 1550 1468 δὲ

112 1503 220 1561 (scr.
247 1500 326 1560 δὴ)
358 1505 549 1548 τούτου
583 1505 994 1565 ἀναβαλλόμενος
1027 1503 1256 1562 (canens).

210 1584 290 1626 24.
343 1586 566 1644 λέλογχε.
650 1581 861 1628 Trahunt
900 1581 1114 1647 plerique
1158 1581 1217 1627 ad
1253 1580 1552 1639 Chromium,

113 1679 209 1727 qua
239 1664 414 1708 ratione
447 1664 587 1708 nimia
625 1662 854 1726 quaedam
891 1664 1035 1709 existit
1067 1663 1378 1710 concinnitas:
1431 1682 1550 1725 μεμ-

113 1748 353 1814 φομένοις
382 1752 550 1807 καπνῷ
573 1750 752 1800 ἐσλοὺς
775 1744 900 1811 ὕδωρ
927 1750 1136 1808 λέλογχε
1164 1748 1328 1813 φέρειν
1355 1744 1550 1791 ἀντίον.

114 1825 312 1871 Nimiam
342 1823 474 1881 dico,
512 1825 619 1886 quia
644 1826 704 1869 ita
731 1823 901 1885 lyricus
934 1822 1260 1889 metaphorica
1290 1839 1370 1869 sua
1399 1838 1552 1869 voca-

113 1904 225 1951 bula
258 1904 452 1950 totidem
482 1905 687 1967 propriis
719 1903 953 1965 explicare
984 1906 1176 1967 cogitur.
1261 1905 1306 1949 Si
1336 1902 1551 1950 scholia-

114 1996 286 2032 starum
329 2003 469 2032 unum
509 1985 745 2042 audimus,
793 1990 1071 2049 ἐναλλαγὴν
1106 1990 1330 2040 πτώσεως
1364 1994 1552 2030 statue—

116 2081 247 2111 mus:
295 2071 660 2133 μεμφομένοις,
715 2068 831 2114 ἀντὶ
874 2074 970 2114 τοῦ
1007 2072 1358 2135 μεμφομένους
1400 2069 1552 2130 σβεν-

116 2152 252 2196 νύειν
279 2152 333 2201 ὡς
366 2145 516 2196 ὕδατι
545 2150 762 2203 καπνὸν,
810 2146 894 2194 ἵνα
924 2151 1079 2202 αὐτὸς
1108 2152 1133 2195 ὁ
1168 2149 1356 2210 ἀγαθὸς
1386 2166 1554 2194 κατα-

117 2231 326 2295 σβεννύῃ
374 2231 466 2276 τὸν
504 2229 784 2297 φθονερὸν,
837 2229 970 2274 ἀλλὰ
1010 2230 1075 2287 μὴ
1117 2229 1419 2289 σβεννύηται
1470 2232 1553 2275 ὑπ’

116 2311 323 2356 ἐκείνου.
391 2306 680 2353 Aristarchus
714 2307 852 2369 plane
885 2308 1113 2352 contrario
1139 2323 1280 2353 sensu
1308 2317 1553 2372 acceperat

117 2387 240 2434 hunc
262 2387 444 2433 locum:
482 2396 588 2443 τοῖς
613 2388 660 2436 δέ
687 2393 807 2441 τοὺς
830 2391 1053 2450 ἀγαθοὺς
1077 2399 1417 2456 μεμφομένοις
1439 2396 1552 2437 τοῦ·

116 2489 178 2517 το
208 2473 418 2530 λέλογχε
447 2473 530 2518 καὶ
555 2472 878 2531 ὑποκείμενον
910 2475 1079 2527 ἐστιν,
1116 2469 1225 2519 οἷον
1254 2475 1551 2525 ἀκολουθεῖ,

118 2551 279 2618 ὥσπερ
316 2560 482 2610 καπνῷ
514 2551 638 2618 ὕδωρ
679 2557 843 2618 φέρειν
882 2552 1058 2600 ἀντίον
1094 2549 1177 2599 καὶ
1213 2553 1553 2615 κατασβεννύ-
