1726 2912
1474 80 1538 124 3⁷

95 206 208 250 sisse
235 214 385 267 potest
421 207 520 254 ὅσα
546 210 590 254 τ’
617 209 850 274 Ἀρκάσιν
884 206 1095 262 οἴὲλοις,
1139 215 1216 252 aut
1247 204 1329 254 οἵτ’
1354 210 1406 254 ἐν
1430 214 1532 273 Ἀρ·

96 291 244 335 κάσιν
275 289 467 342 α’ἓλοις.
535 290 875 344 Hermannum,
911 304 1014 333 cum
1048 289 1283 351 ἀνάσσων
1316 287 1533 349 corrige-

96 378 186 424 ret,
223 369 355 414 metri
385 384 522 414 causa
552 373 781 434 Ἀρκάσιν
810 379 985 413 mutare
1011 369 1238 432 oportuit3
1275 366 1400 413 dedit
1428 378 1532 436 Ἀρ-

96 454 199 504 κάς.
268 452 324 493 At
354 450 419 494 sic
449 453 606 514 βωμὸς
635 451 768 495 nimis
799 449 948 495 multis
974 459 1188 494 oneratur
1211 447 1436 514 epithetis.

195 530 301 574 105.
339 534 557 578 πελλάνα
643 529 712 574 Ad
735 540 873 575 totam
904 528 1022 575 hanc
1046 531 1437 576 enumerationem
1463 533 1530 578 τὰ

94 608 135 657 δ’
161 613 235 658 ἐπ’
263 615 413 679 όφρύι
445 614 708 678 Παρνασίᾳ
740 638 803 644 —
834 612 1023 674 Εὔβοια
1057 610 1230 674 supple
1260 616 1474 673 μάσσον’
1503 611 1531 668 ’l

96 696 154 746 ὡς
190 689 368 751 ἰδέμεν.

193 774 300 817 109.
338 774 471 818 ἀλλὰ
505 795 530 821 κ
615 772 807 832 Accipio
836 773 1006 817 Pauwii
1032 789 1086 818 ac
1115 770 1339 818 Boeckhii
1362 774 1531 818 inven-

92 864 186 899 tum
217 854 342 910 οἴνα,
377 851 461 898 sed
492 852 710 899 dissentio
745 852 804 898 ab
831 870 991 899 eorum
1017 853 1347 918 explicatione,
1388 870 1530 915 quum

92 935 354 980 vocativum
383 950 484 980 esse
515 933 695 979 dicunt:
741 933 854 979 mihi
884 935 1183 996 imperativus
1215 945 1281 980 est
1316 933 1394 994 (cf.
1424 937 1531 980 Eur.

91 1013 263 1061 Troad.
291 1017 391 1074 98).
472 1014 727 1071 Pindarus,
779 1026 824 1060 ut
860 1017 954 1077 jam
993 1013 1240 1060 scholiasta
1288 1014 1428 1073 vidit,
1478 1031 1529 1061 se

88 1097 242 1159 ipsum
276 1095 556 1159 alloquitur:
609 1095 711 1144 εἷπε
747 1103 906 1143 τοῦτο
943 1100 1062 1160 πρὸς
1097 1099 1283 1143 ἑαυτὸν
1318 1117 1530 1162 παρακε-

89 1180 355 1239 λευόμενος
384 1176 642 1243 ἐκδραμεῖν
677 1182 779 1227 ἀπὸ
813 1181 1033 1234 τούτων,
1081 1182 1162 1226 καὶ
1196 1184 1529 1226 καταπαῦσαι

92 1262 182 1306 τὸν
214 1260 385 1319 ὕμνον.
466 1260 634 1304 Sensus
667 1260 804 1322 igitur
835 1268 927 1303 est:
979 1260 1127 1320 Surge
1160 1256 1437 1320 aliquando,
1483 1268 1529 1303 ut

90 1339 267 1403 pernici
292 1337 415 1400 pede
439 1337 642 1384 declines
672 1337 932 1382 molestiam
958 1336 1184 1399 longioris
1213 1336 1529 1399 praedicatio-

87 1419 155 1463 nis
192 1421 259 1478 (ut
283 1420 327 1463 P.
348 1420 468 1474 1‚Sl.
498 1422 671 1484 καιρὸν
701 1421 740 1464 εἰ
767 1419 1039 1486 φθέγξαιο,
1066 1420 1208 1478 μείων
1232 1417 1410 1466 ἕπεται
1436 1425 1529 1480 μῶ-

88 1521 177 1563 μσς
208 1503 508 1567 ἀνὲρώπων).
578 1502 687 1544 Post
720 1501 870 1546 ποσὶν
904 1497 1041 1562 plena
1074 1513 1173 1543 esse
1205 1496 1348 1543 (lebet
1380 1500 1528 1544 inter-

87 1582 302 1644 punctio,
339 1598 422 1627 nec
454 1590 609 1645 potest
633 1580 767 1642 jungi
801 1580 896 1627 οἴνα
930 1587 1027 1626 Ζεῦ
1056 1582 1216 1635 τέλει’,
1250 1580 1419 1624 inserto
1449 1579 1529 1629 in-

89 1661 263 1708 finitivo
297 1668 559 1716 έκνεῦσαι,
609 1662 782 1724 quippe
813 1659 1023 1725 exempla
1058 1678 1083 1705 a
1115 1659 1354 1705 Boeckhio
1388 1658 1528 1705 allata

88 1741 261 1790 habent
300 1745 454 1789 onmia
492 1742 761 1788 infinitivum
805 1743 1022 1786 vocativo
1054 1749 1153 1789 Ζεῦ
1192 1740 1526 1801 postpositum,

87 1823 194 1870 vide
219 1826 431 1889 inprimis
462 1826 595 1868 Hom.
619 1821 704 1867 Od.
734 1844 773 1888 p.
802 1825 909 1867 354.
945 1830 1043 1869 Ζεῦ
1069 1825 1193 1877 α’να,
1229 1824 1525 1888 Τηλέμαχόν

87 1925 176 1966 μοι
205 1911 254 1953 ἐν
285 1905 526 1971 ἀνδράσιν
559 1906 735 1963 ὄλβιον
768 1903 910 1950 εἶναι,
990 1901 1118 1947 Pind.
1151 1904 1193 1946 P.
1229 1903 1272 1958 I,
1307 1905 1384 1948 67.
1427 1910 1526 1951 Ζεῦ

87 1990 250 2041 τέλει’,
271 1988 365 2033 αἰεὶ
383 1985 433 2033 δὲ
450 1992 702 2034 τοιαύταν
715 1992 894 2044 Ἀμένα
909 1987 1020 2049 παρ’
1038 1982 1160 2049 ὕδωρ
1177 1981 1329 2032 αἶσαν
1344 1988 1525 2038 ἀστοῖς

87 2072 170 2113 καὶ
205 2070 502 2131 βασιλεῦσιν
533 2065 808 2132 διακρίνειν
840 2066 1027 2125 ἔτυμον
1059 2068 1206 2127 λόγον
1240 2068 1522 2131 ἀνὲρώπων.

86 2148 135 2191 Ιι]
166 2145 350 2192 Pindari
383 2145 664 2191 carminibus
700 2146 796 2193 οἴνα
832 2144 903 2189 bis
942 2145 1162 2200 occurrit,
1210 2144 1412 2206 praefixa
1449 2147 1526 2191 in·-

88 2229 354 2290 terjectione
379 2227 439 2283 (3,
480 2230 520 2271 Ρ.
544 2229 628 2278 ΙΧ,
655 2229 731 2272 412.
761 2228 861 2282 ΧΗ,
885 2228 940 2281 3,
978 2242 1065 2287 qua
1084 2227 1262 2271 ratione
1285 2225 1524 2288 ambigui—

89 2318 157 2353 tas
177 2310 354 2354 vitatur.
420 2310 479 2354 Ut
503 2306 561 2353 acl
586 2317 792 2353 nostram
816 2306 1168 2368 explicationem
1195 2304 1382 2350 redeam
1398 2339 1409 2360 ,
1436 2320 1525 2350 so-

87 2386 151 2433 let
177 2398 317 2451 poeta
346 2390 410 2434 sic
437 2387 719 2440 ἀσυνδέτους
749 2388 1004 2431 orationem
1033 2385 1093 2430 ad
1118 2384 1242 2430 aliud
1267 2402 1524 2447 argumen-

89 2479 184 2514 tum
210 2481 505 2526 convertere,
550 2487 585 2514 e.
611 2485 654 2530 g.
695 2468 762 2512 Ol.
788 2471 869 2522 IX,
896 2470 971 2512 38.
1011 2467 1072 2511 ib.
1098 2469 1185 2523 86,
1231 2465 1352 2512 solet
1385 2467 1522 2512 etiam

89 2551 133 2595 in
164 2548 254 2594 fine
285 2551 590 2611 epiniciorum
613 2550 681 2593 sui
708 2548 863 2593 facere
895 2549 1199 2605 mentionem,
1230 2557 1278 2592 ut
1301 2545 1370 2594 Ol.
1395 2548 1425 2597 l.
1449 2547 1519 2596 Vl„

88 2632 132 2675 P.
154 2633 200 2675 11.
236 2633 284 2675 N.
310 2631 410 2676 Vlll.
438 2633 508 2675 lX.
543 2632 581 2676 J.
610 2633 672 2675 ΙΙΙ.
702 2627 749 2674 V.
779 2631 844 2675 Vl.
