1726 2912
1469 60 1527 104 15

14 225 16 254 ᾖ
86 184 322 233 secundae
345 183 568 246 dipodiae
601 187 683 247 (vs.
712 187 788 232 21.
814 187 889 232 63.
922 186 1077 249 1⁰5),
1108 187 1154 232 in
1181 196 1341 250 quarta
1368 197 1530 235 autem*

90 269 191 330 ejus
221 267 443 332 dipodiae
467 270 643 331 primus
668 283 750 331 pes
771 267 942 314 incidat
964 269 1010 314 in
1033 284 1158 314 nom.
1181 284 1346 334 propr.
1369 274 1531 332 Στυμ-

10 376 15 414 ‘3
91 348 273 419 φαλίς,
325 366 447 411 quae
495 366 614 395 nunc
657 349 758 396 sola
804 350 1011 415 exceptio
1054 350 1162 406 erit,
1216 352 1254 394 si
1291 350 1528 414 receperis

9 429 14 501 i
87 434 389 478 Ἐλείθυιαν.

185 510 262 554 43.
289 509 411 565 ἦλθε
437 510 490 559 δ’.
560 511 638 555 45.
663 509 776 559 δύω.
843 512 919 556 49.
939 512 1101 578 ἤρετο.
1170 512 1249 556 50.
1275 507 1389 578 πέρι
1407 514 1528 558 θνα-

89 597 202 638 τῶν.
255 605 392 636 verus
428 601 643 636 accentus
680 592 725 636 in
762 589 1006 637 adverbio.
1088 592 1168 638 53.
1208 597 1525 659 ἐγκρύπτετο.

90 671 165 716 54.
202 674 400 734 βατείᾳ.
477 670 552 714 56.
591 672 909 739 κατεφάμιξε.
987 671 1065 716 57.
1100 673 1232 731 λάβε.
1309 672 1385 718 58.
1417 678 1529 721 [ἐκαὶὮ

89 756 199 801 λεσε
228 750 560 798 ποσσειδᾶνα.

183 833 261 877 62.
309 833 600 895 μετάλλασέ
625 852 678 881 τε
707 848 744 877 c.
776 832 838 895 gl.
868 834 1124 893 ἀνεζήτει,
1161 836 1351 899 ἠρεύνα.
1431 836 1529 879 Mi-

89 930 192 970 ror,
226 930 318 959 non
347 912 530 976 pridem
559 924 795 976 receptam
825 914 1078 959 Hermanni
1104 914 1417 976 conjecturam
1447 935 1527 978 με-

88 996 411 1044 ταλλάσαντί
445 998 517 1052 ἰν,
570 993 706 1058 quod
733 993 927 1057 quidem
955 993 1124 1040 lectum
1156 993 1269 1040 olim
1300 994 1439 1042 fulsse
1472 1012 1527 1042 ex

89 1092 186 1121 uno
218 1074 466 1122 scholiasta
494 1075 739 1122 discimus:
786 1076 915 1124 ἔνιοι
945 1073 998 1124 δὲ
1031 1076 1214 1130 οὕτως’
1258 1081 1362 1126 ἐπεὶ
1393 1083 1530 1144 ἀφα-

88 1163 169 1212 νὴς
196 1157 253 1214 ἢν
285 1163 309 1205 ὁ
341 1161 588 1206 Ἀπόλλων
618 1165 687 1221 τῷ
712 1163 887 1223 Ἰάμῳ,
935 1163 1055 1225 μόνῃ
1090 1158 1142 1206 δὲ
1173 1165 1307 1221 φωνῇ
1338 1167 1529 1225 προσεῖ-

91 1257 181 1286 πεν
215 1242 400 1293 αὐτὸν,
436 1240 725 1308 ἐφὲέγξατο
756 1243 844 1300 μὲν
875 1243 901 1285 ὁ
924 1241 1196 1295 Ἀπόλλων,
1232 1244 1257 1286 ὁ
1285 1236 1336 1287 δὲ
1360 1240 1531 1301 Ἴαμος

92 1321 293 1378 ἐζήτησε
325 1322 416 1366 τὸν
445 1322 821 1387 φθεγξάμενον,
858 1320 934 1374 τίς
966 1318 1039 1375 ἦν.
1083 1322 1146 1368 τὸ
1177 1318 1228 1367 δὲ
1255 1320 1360 1376 ἑξῆς
1390 1324 1529 1382 λεγό-

89 1418 238 1461 μενον
266 1399 581 1467 ἐφθέγξατο·
623 1400 747 1466 ὄρσο
776 1402 956 1447 τέκνον
1000 1408 1084 1444 etc.
1164 1401 1255 1445 Pro
1293 1404 1339 1449 ὶν
1376 1410 1531 1448 tamen

91 1478 252 1526 malim
280 1500 365 1541 μιν
395 1480 604 1525 retinere.

190 1561 268 1607 63.
305 1566 574 1624 πάγκοινον
603 1566 648 1614 ἐς
675 1567 849 1627 χῶρον.
918 1562 996 1607 66.
1034 1564 1234 1609 ἀκούειν
1265 1560 1326 1624 gl.
1352 1564 1528 1625 λέγειν.

90 1643 169 1688 68.
214 1646 367 1707 πατρὶ
399 1647 448 1690 S'
482 1647 674 1708 ἑορτάν.
753 1640 829 1685 7⁰.
873 1648 1011 1689 αὐτῶ
1034 1664 1109 1710 χρ.
1190 1644 1266 1687 72.
1310 1630 1531 1706 6218043.

92 1725 178 1785 οἴμ’
204 1723 401 1773 ἕσπετο.
478 1725 554 1768 74.
591 1731 758 1785 μῶμος
787 1721 830 1770 δ’
850 1725 897 1781 ἐξ
926 1724 1101 1772 ἄλλων.
1181 1725 1258 1768 75.
1293 1732 1400 1778 τοῖς
1432 1721 1530 1778 οἷς-

91 1823 217 1852 ποτε
243 1812 465 1871 πρῶτον,
501 1802 770 1850 dissentiens
797 1804 858 1850 ab
883 1804 1047 1849 Aldina
1079 1803 1361 1867 reliquisque
1389 1802 1531 1850 codi-

92 1883 249 1940 cibus,
306 1886 382 1946 qui
413 1884 564 1930 solent
599 1901 707 1929 cum
743 1884 835 1930 hoc
873 1885 1059 1942 facere,
1106 1897 1263 1931 contra
1305 1883 1531 1931 Boeckhii

92 1965 512 2029 exspectationem,
558 1966 639 2027 qui
669 1966 876 2026 reposuit
907 1975 1015 2021 τοῖς
1051 1964 1124 2020 οἷς
1153 1986 1274 2016 ποτε
1303 1969 1527 2032 πρώτοις.

91 2047 257 2090 Noster
283 2061 386 2090 cum
414 2045 659 2091 scholiasta
689 2057 776 2092 vet.
808 2047 1015 2092 concinit.
1090 2049 1168 2093 76.
1203 2049 1528 2104 ποτιστάξει,

92 2141 197 2171 cum
235 2125 380 2171 schol.
423 2137 465 2171 et
509 2127 693 2188 optimis
729 2126 994 2184 cod.cihus,
1042 2127 1362 2194 recipiendum
1400 2144 1530 2190 ergo.

90 2209 340 2268 Futurum,
379 2218 428 2252 ut
455 2223 619 2270 saepe,
666 2208 1054 2255 consuetudinem
1085 2209 1327 2272 significat,
1369 2208 1428 2256 cf.
1455 2209 1528 2257 Ol.

96 2288 199 2343 Vll,
224 2290 265 2332 3-
301 2294 493 2358 φιάλαν
519 2295 577 2343 ὡς
605 2291 745 2343 εἴτις
773 2294 988 2360 ἀφνειᾶς
1011 2294 1112 2339 ἀπὸ
1138 2294 1299 2357 χειρὸς
1322 2292 1439 2339 ἑλὼν
1465 2316 1528 2328 —

94 2366 363 2430 δωρήσεται
388 2373 554 2432 νεανίᾳ
581 2374 793 2436 γαμβρῷ.
863 2369 924 2414 ib.
959 2374 1332 2420 ἐλαυνόντεσιν.

190 2450 266 2495 83-
305 2449 575 2517 προσέρπει
594 2455 913 2517 καλλιρόοισι
930 2461 1134 2509 πνοαῖς,
1169 2451 1353 2513 melius,
1387 2467 1524 2515 quarn

92 2533 386 2595 προσέλκει,
435 2531 569 2594 quod
601 2533 840 2578 Dissenius
878 2531 1175 2580 scholiastam
1209 2544 1412 2581 veterem
1448 2534 1527 2581 le-

92 2612 215 2673 gisse
245 2611 526 2661 contendens
552 2615 734 2660 erravit.
800 2617 933 2671 Quae
961 2615 1081 2661 enim
1106 2613 1185 2661 ille
1210 2614 1355 2661 verba
1382 2613 1527 2661 adhi-
