1726 2912
1468 70 1522 115 ss

95 209 155 252 At
175 203 226 254 δὲ
249 219 344 249 non
365 211 432 249 est
454 199 734 265 σύνδεσμος
754 201 1289 266 παραπληρωματικὸς,
1309 194 1395 243 sed
1408 215 1529 260 συμ-

97 288 387 338 πλεκτικὸς,
433 283 574 345 igitur
610 281 896 345 grammatici
933 279 993 326 de
1029 279 1093 328 ὧν
1128 299 1200 327 πα
1232 278 1381 324 locuti
1409 286 1530 324 sunt.

96 368 200 413 Hoc
226 376 378 411 autem
405 384 504 420 πα,
541 362 673 426 quod
703 364 750 409 V.
772 365 827 409 D.
853 364 898 408 in
923 365 1022 430 πὰρ
1052 361 1272 418 mutavit,
1304 376 1399 405 non
1423 374 1532 404 ma·-

99 448 168 511 gis
193 448 399 492 otiosum
423 454 510 501 est,
546 462 691 507 quam
722 446 756 492 Ι.
780 444 846 505 V,
874 445 949 489 55.
984 446 1075 492 τὸν
1101 442 1321 506 Ἀργείων
1345 443 1531 507 τρόπον

98 530 352 592 εἰρήσεταί
377 529 444 573 πά
470 528 510 571 κ’
533 530 581 571 ἐν
606 528 920 589 βραχίστοις.
987 525 1061 568 41.
1095 531 1202 585 post
1226 520 1371 576 κῦδος
1391 521 1534 566 inter-

101 608 333 670 pungitur.
400 607 475 650 42.
512 605 701 661 ξενίαις.
772 605 847 649 46.
885 602 1030 649 habet
1054 606 1273 652 σταλᾶν.

776 747 866 796 [V.

200 848 471 913 Inscriptio:
499 844 717 908 ψαύμιδι
738 849 1053 911 καμαρηναίω
1077 844 1250 900 ἵπποις
1272 850 1539 903 νικήσαντι

106 935 195 987 τὴν
221 932 302 993 πβ’
329 929 619 994 ὀλυμπιάδα
648 928 904 994 τεθρίππω
932 926 1076 976 παιδὶ
1104 926 1332 994 οἷ’κρωνος.

200 1013 246 1057 Ἴ.
296 1015 424 1061 ἀλλὰ
456 1013 635 1077 κρόνου
668 1018 785 1065 παῖ,
834 1019 887 1054 ut
917 1007 1129 1071 plerique
1156 1005 1295 1052 codd.
1323 1015 1366 1052 et
1391 1004 1544 1051 scho-

106 1093 236 1139 liasta
267 1092 326 1138 ad
359 1110 398 1138 v.
429 1095 500 1138 10.
532 1090 603 1137 ed.
634 1094 682 1136 B.
728 1101 877 1135 metro
918 1089 1083 1134 saltem
1127 1103 1218 1133 non
1259 1087 1544 1148 refragante,

109 1174 164 1220 cf.
187 1174 254 1218 Ol.
278 1175 361 1230 VI,
385 1176 462 1219 29.
528 1176 573 1220 8,
612 1173 724 1221 ἶπον
752 1176 1032 1233 ὰνεμόεσαν
1062 1171 1438 1227 ἑκατονκεφάλα
1464 1188 1544 1214 τυ-

112 1260 273 1322 φῶνος
290 1256 551 1319 ὀμβρίμου.
618 1254 662 1298 9.
701 1255 1069 1313 ὀλυμπιονίκαν
1086 1248 1222 1306 δέξαι
1245 1265 1282 1293 C.
1301 1247 1359 1311 gl,
1381 1247 1548 1309 δέχου.

115 1336 188 1378 10.
237 1339 454 1400 χαρίτων
498 1337 546 1380 3*
584 1333 740 1380 ἕκατι.
839 1331 1113 1377 Particulam
1152 1330 1359 1392 agnoscit
1397 1327 1545 1374 schol.

112 1416 186 1460 16.
222 1417 443 1476 ἕτοιμον.
527 1415 600 1459 17.
637 1415 832 1471 ξενίαις,
916 1415 989 1457 18,
1025 1414 1246 1475 ἡσυχίαν
1275 1414 1548 1476 τετραμμέ-

114 1515 211 1543 νον.
295 1496 374 1541 21.
423 1496 545 1561 οἵπερ
581 1492 662 1542 καὶ
696 1498 767 1543 κλ.
802 1514 849 1541 π.
886 1510 1027 1555 quam
1056 1491 1305 1538 lectionem
1334 1494 1373 1535 is
1402 1493 1552 1535 scho-

113 1574 245 1621 liasta
272 1585 358 1622 vet.
385 1585 601 1632 noverat,
637 1575 714 1637 qui
738 1575 945 1640 scripsit:
984 1575 1104 1637 ἅπερ
1138 1577 1253 1621 ἀντὶ
1287 1579 1383 1620 τοῦ
1418 1571 1550 1634 εἴπερ

115 1654 240 1716 (hoc
265 1655 457 1720 quidem
482 1655 634 1715 falso)
664 1660 688 1711 ἡ
717 1664 858 1723 πεῖρα
887 1657 1052 1718 ἤλεγξε
1084 1658 1166 1701 καὶ
1197 1657 1286 1702 τὸν
1317 1659 1553 1718 Ἐργῖνον.

117 1738 253 1783 Certe
284 1741 366 1785 καὶ
399 1746 561 1801 aptum
587 1737 825 1782 transitum
856 1735 978 1782 facit.
1063 1736 1140 1780 24.
1190 1736 1478 1797 χαλκείοισι
1509 1729 1553 1779 δ’

117 1824 167 1867 ἐν
195 1819 396 1867 ἕντεσσι
422 1825 568 1867 νικῶν
595 1816 794 1883 δρόμον.
833 1818 984 1862 Ceteri
1009 1814 1117 1861 libri
1139 1816 1324 1864 ἔντεσι.

215 1901 292 1944 26.
328 1897 476 1953 οὗτος
495 1901 604 1959 ἐγώ·
642 1904 907 1958 ταχυτᾶτι
930 1901 1069 1965 χέρες
1094 1896 1146 1945 δὲ
1173 1898 1254 1943 καὶ
1277 1896 1401 1962 ἦτορ
1426 1893 1557 1944 ἶσον-

122 1977 195 2023 Ad
225 1978 375 2032 οὗτος
403 1982 513 2040 ἐγώ·
549 1975 610 2039 gl.
630 1979 675 2021 '1'11
700 1975 804 2022 cod·
841 1977 955 2032 νῖτοι
979 1978 1035 2025 ὂν
1063 1979 1426 2043 ε’μυκτηρίζετε.
1478 1976 1559 2019 ln-

120 2061 489 2124 terpunctionem
517 2056 765 2103 confirmat
791 2056 1069 2102 scholiasta:
1105 2062 1197 2105 τὸν
1218 2058 1431 2105 ἔνοπλον
1453 2056 1554 2122 δρό-

120 2160 216 2202 μον
249 2144 453 2195 νικήσας
484 2144 509 2187 ὀ
542 2143 755 2206 Ἐργῖνος
790 2137 899 2186 εἶτα
935 2142 1151 2205 προσιὼν
1182 2146 1242 2201 τῇ
1274 2139 1559 2201 Ὑψιπυλείᾳ

123 2224 204 2270 ἐπὶ
239 2228 309 2285 τῷ
349 2226 737 2291 στεφανωθῆναι
783 2220 888 2268 εἷπε
929 2220 1211 2274 δεικτικῶς”
1262 2217 1412 2266 οὗτος
1444 2220 1558 2279 ἐγώ,

124 2318 274 2364 neque
301 2301 432 2348 aliter
455 2318 543 2348 rec.
579 2306 631 2349 αἱ
663 2310 818 2366 χεῖρες
840 2299 890 2349 δὲ
918 2305 999 2349 καὶ
1025 2305 1086 2349 τὸ
1113 2300 1263 2365 ἦτορ,
1299 2302 1414 2347 ἀντὶ
1440 2305 1560 2346 τοῦ·

127 2386 180 2430 αἱ
206 2384 401 2448 πράξεις
431 2386 514 2431 καὶ
543 2388 568 2438 ἡ
600 2386 860 2449 προθυμία
891 2387 941 2431 ἐν
976 2384 1057 2447 ἴσῃ
1085 2387 1216 2446 ἀκμῇ
1244 2384 1376 2430 κατὰ
1407 2399 1561 2442 ταχυ-

128 2470 270 2518 τῆτα.
337 2466 421 2509 Hic
452 2474 604 2510 tamen
636 2462 808 2508 fallitur
841 2464 886 2506 in
918 2460 1115 2519 ultimis,
1160 2478 1267 2507 nam
1301 2466 1564 2527 ταχυτᾶτι

130 2542 424 2591 referendum
451 2543 512 2590 ad
542 2543 720 2607 pedum
746 2543 1062 2606 pernicitatem
1078 2576 1089 2598 ‚
1125 2552 1173 2587 ut
1198 2541 1318 2588 dicat
1342 2543 1564 2605 Erginus:

129 2623 355 2671 celeritati
398 2642 530 2675 meae
569 2640 727 2672 manus
761 2634 807 2671 et
836 2625 1011 2671 animus
1043 2640 1130 2686 pax·
1158 2633 1251 2678 est;
1299 2639 1402 2670 sum
1441 2620 1566 2669 celer
