1726 2912
1459 27 1533 72 631

191 155 264 200 16.
301 157 552 223 φροικίαν.
622 155 752 199 Hunc
775 156 981 218 Φρικίαν
1013 171 1107 201 non
1137 153 1376 200 hominem
1405 155 1524 201 fuis-

10 248 17 297 ]
90 251 165 294 se,
209 234 295 281 sed
328 251 531 297 equum,
578 233 794 280 discimus
827 251 881 280 ex
909 234 1132 281 Eustathii
1160 236 1408 298 prooemio
1448 234 1521 284 ed.

93 316 239 362 Tafel.
269 318 355 371 65,
385 318 437 371 5,
473 315 552 361 ubi
581 318 698 362 haec
722 315 944 379 legimus:
981 319 1062 365 καὶ
1091 322 1333 366 ἐπιθέτων
1361 316 1411 366 δὲ
1442 322 1524 367 πό-

9 408 16 446 ‘³
92 416 233 464 ριμος
261 403 524 454 ἐπινοητὴς
563 404 588 448 ὁ
623 403 776 454 αὐτὸς
813 398 1161 469 διεκπέφηνεν,
1197 404 1252 453 ὡς
1283 398 1369 447 ὅτε
1403 398 1524 465 δίχα

9 547 12 562 ὶ
92 479 274 545 μυρίων
305 479 469 527 ἄλλων
504 483 564 528 τὸ
595 489 815 543 γενναῖον
852 483 1338 546 κρατησίμαχον
1367 484 1522 542 λέγει,

94 562 180 607 καὶ
223 559 377 609 ἵππον
419 558 857 629 κρατησίποδα
877 617 882 624 Ι
902 565 992 609 τὸν
1037 558 1198 626 δρόμῳ
1246 564 1524 616 νικήσαντα

96 643 216 708 πρὸς
245 643 523 701 ὁμοιότητα
555 648 650 688 τοῦ
679 640 1067 705 χαλκόποδες
1098 641 1284 688 ἵπποι
1315 644 1399 689 καὶ
1430 647 1528 690 τοῦ

96 740 161 786 κρ
176 721 368 767 αταίπ
383 720 513 775 οδες
528 755 541 776 ,
578 718 663 763 ubi
687 717 1059 765 Schneidewinus
1082 736 1175 766 non
1196 717 1257 765 de
1279 719 1370 767 alio
1394 720 1528 779 loco,

95 816 236 862 quem
262 797 525 845 Eustathius
551 798 626 845 vel
649 800 700 854 ii,
736 815 854 861 quos
878 799 1167 855 sectabatur,
1202 803 1246 844 in
1269 810 1420 846 mente
1443 800 1529 847 ha-

94 879 304 937 buerint,
340 882 608 942 cogitasset,
644 881 681 924 si
712 877 856 925 verba
882 889 1049 943 poetae
1078 878 1138 924 ab
1164 878 1390 926 Eustathii
1415 897 1530 928 ver-

95 960 168 1007 bis
200 962 452 1006 accuratius
477 959 767 1006 distinxisset.

196 1043 271 1089 18.
323 1046 397 1090 ἀν’
423 1045 639 1106 ἁμέραις.
718 1039 778 1084 ib.
823 1054 989 1109 σφισι.
1064 1040 1142 1087 20.
1189 1041 1371 1103 ὀλίγην.
1450 1045 1529 1091 21.

95 1123 295 1186 Egregie
320 1124 613 1167 Hermannus
642 1124 754 1176 Scor,-
781 1119 884 1175 οἶος
910 1138 1000 1186 pro
1026 1125 1140 1175 θεὸς
1165 1122 1260 1178 εἴη,
1295 1121 1386 1168 l..c.
1454 1126 1531 1170 22.

98 1210 303 1267 γίνεται.
385 1205 462 1248 24.
501 1205 628 1270 λάβῃ
658 1218 745 1264 pro
770 1202 880 1269 ἕλῃ,
914 1219 1007 1249 non
1033 1200 1244 1248 deterius.
1313 1203 1433 1249 conf.
1458 1204 1529 1252 01.

98 1286 287 1341 xl,>23.
321 1286 451 1330 Nem.
476 1285 553 1340 ΙΙΙ,
580 1284 657 1328 30.
690 1284 727 1329 J.
750 1283 831 1339 IV,
862 1284 939 1328 69.
1008 1284 1253 1345 Superiora
1284 1283 1337 1338 ὃς
1355 1286 1415 1333 ἂν
1427 1304 1532 1353 >6⁸9-

99 1367 183 1414 σὶν
223 1365 251 1421 ἢ
288 1363 450 1412 ποδῶν
490 1369 649 1428 ἀρετᾷ
687 1369 964 1430 κρατήσαις
1011 1362 1286 1410 adumbrata
1323 1364 1534 1412 videntur

99 1462 154 1492 ex
178 1447 318 1491 Hom.
344 1443 430 1490 Od.
456 1450 505 1492 S.
527 1445 637 1490 147.
675 1449 734 1493 οὐ
754 1449 842 1505 μὲν
866 1449 957 1511 γὰρ
979 1446 1148 1506 μεῖζον
1171 1448 1311 1500 κλέος
1337 1449 1533 1508 ἀνέρος,

100 1528 238 1594 ὄφρα
265 1533 307 1573 κ’
335 1526 475 1594 ἔῃσιν
505 1525 534 1582 ἢ
564 1525 664 1582 ὅ,τι
691 1524 879 1572 ποσσίν
907 1543 961 1572 τε
990 1524 1100 1593 ῥέξῃ
1136 1525 1231 1585 καὶ]
1253 1531 1428 1589 χερσὶν
1460 1532 1531 1592 ἑῇ.

101 1627 198 1655 σιν.
278 1608 355 1652 26.
391 1607 505 1656 ἴδοι.
581 1607 657 1652 28.
688 1608 972 1667 ἁπτόμεθα.
1048 1606 1127 1652 29.
1177 1607 1257 1654 ἰὼν
1284 1606 1444 1671 εὕροις
1472 1611 1534 1662 ἐς.

100 1690 180 1736 30.
233 1693 548 1751 Ξαυμαστὰν
587 1686 720 1737 ὀδόν.
803 1689 883 1733 33.
929 1688 1184 1739 ἐπιτόσας·
1269 1686 1348 1733 45.
1396 1691 1537 1748 μόλε.

101 1771 177 1816 46.
213 1775 372 1838 πέφνέ
397 1790 452 1818 τε
480 1771 703 1833 γοργόνα.
771 1769 845 1813 49.
881 1767 999 1815 οὐδέ
1022 1786 1146 1815 ποτε
1225 1767 1301 1812 51.
1337 1766 1534 1834 ἕρυσον.

199 1851 278 1895 52.
314 1848 543 1914 χειράδος
569 1852 741 1897 ἀλκὰν.
809 1846 948 1907 Quod
975 1845 1035 1891 ab
1061 1847 1249 1911 optimis
1277 1846 1406 1915 libris
1431 1863 1539 1894 ser-

104 1942 257 1978 vatum
283 1947 503 1993 spernere
528 1928 686 1976 nolim.
754 1928 810 1975 cf.
833 1931 961 1975 Nem.
993 1928 1088 1983 Vll,
1114 1929 1194 1974 96.
1231 1928 1450 1977 δύνασαι
1484 1927 1536 1978 δὲ

103 2018 363 2081 βροτοῖσιν
396 2015 557 2060 ἀλκὰν
593 2014 888 2074 ἀμαχανιᾶν
926 2008 1186 2068 δυσβάτων
1216 2012 1361 2071 sagi&
1406 2008 1540 2060 διδό-

105 2113 206 2155 μεν.
288 2094 424 2138 Hom.
450 2090 536 2137 Od.
564 2111 612 2153 μ.
644 2092 751 2137 12⁰.
788 2089 903 2138 οὐδέ
932 2093 1004 2145 τίς
1032 2096 1124 2138 ἐστ
1154 2092 1301 2146 ἀλκή·
1339 2095 1539 2161 φυγέειν

108 2178 383 2242 κάρτιστον
402 2175 666 2229 ἀπἀὐτῆς.
733 2172 810 2217 54.
848 2172 987 2220 ὥστε.
1054 2171 1130 2216 57.
1166 2175 1257 2220 τὸν
1276 2174 1538 2220 ἱππυκλέα.

106 2257 400 2300 Hermannus
431 2258 524 2304 τὸν
554 2257 818 2304 Ἱπποκλέα
853 2256 899 2300 α’
926 2252 1031 2308 ἔτι,
1068 2250 1284 2297 articulus
1315 2251 1434 2296 enim
1462 2251 1542 2296 in-

110 2333 366 2381 tolerabilis
397 2345 508 2381 erat.
588 2336 651 2378 Ita
679 2342 805 2395 patet
836 2347 927 2376 non
952 2329 1205 2387 Phriciam,
1242 2329 1327 2377 sed
1353 2346 1541 2394 cogno-

112 2417 281 2461 minem
306 2414 623 2479 Hippocleam
646 2413 784 2458 fuisse
804 2423 984 2475 patrem
1007 2412 1207 2458 victoris.
1276 2413 1365 2458 Pro
1396 2421 1443 2461 σ’
1462 2411 1540 2460 ἔτι

111 2495 268 2541 malim
298 2514 435 2543 ποτε.

208 2575 285 2622 58.
328 2576 379 2624 ε”ν
405 2595 459 2623 τε
487 2579 825 2641 παλαιτέροις.
893 2571 1147 2620 Scholiasta
1174 2573 1240 2617 sic
1267 2570 1424 2617 locum
1454 2587 1542 2617 exa
