1726 2912
203 50 265 95 58

201 179 277 224 59.
319 183 601 227 ὑπάντασεν
631 181 765 226 ἰόντι
787 180 942 240 γαίας.
1010 177 1242 222 Omittitur
1271 196 1326 224 τε
1356 186 1458 222 ante
1486 180 1635 226 ἰόντι.

199 261 275 306 60.
310 263 670 321 μαντευμάτων
697 259 739 308 δ’
764 263 1032 329 ἐφάψατο,
1069 255 1190 303 unde
1218 255 1323 303 fecit
1346 257 1636 303 Hermannus

199 339 228 385 l.
257 357 293 385 c.
330 343 510 402 μάντις
543 348 776 408 χρησμῶν
806 344 851 389 τ’
881 344 1009 409 ἀμφ’
1041 341 1231 401 ἅψατο.
1326 340 1404 385 66.
1455 358 1634 388 πεντα-

199 421 375 469 εὲνλίου
402 419 740 483 orthographia
771 422 1070 467 accuratiore.
1139 420 1214 464 67.
1250 421 1391 478 ὦναξ.

296 503 371 547 68.
408 506 540 550 κατά
563 505 660 549 τιν’
684 504 943 568 ἁρμονίαν.
1014 501 1086 546 Sic
1110 499 1217 548 edd.
1244 510 1287 546 et
1315 501 1478 563 optimi
1505 499 1637 557 libri,

198 599 253 628 ac
277 583 536 629 consentire
561 580 742 628 videtur
768 579 1039 638 scholiasta,
1075 582 1153 644 qui
1175 582 1384 644 scripsit:
1419 581 1636 646 εὔχομαί

199 683 312 720 σοι,
346 663 381 712 ὦ
405 663 684 719 Ἄπολλον,
720 665 836 711 καθ’
866 663 1109 727 ἁρμονίαν
1143 665 1264 728 πρὸς
1299 666 1469 711 πάντα
1498 664 1636 728 ἔρχε-

200 748 329 791 σθαι
364 745 663 808 πράγματα,
712 739 820 788 οἷον
851 743 972 809 πρὸς
1000 740 1151 803 μηδὲν
1182 747 1473 806 πλημμελῶς
1499 743 1635 809 ἔρχε·

199 829 343 871 σθαι.
410 821 654 868 Manifesto
678 808 900 868 consentit
923 820 1041 868 alter
1070 821 1141 868 his
1167 824 1349 870 verbis:
1386 827 1469 873 σοὶ
1497 823 1636 886 δὲ,ζῶ

192 903 468 959 ”Απολλον,
506 903 724 967 εὔχομαι
754 909 946 972 ἐφορᾶν
972 922 1028 950 σε
1054 904 1271 953 ἕκαστον
1301 912 1398 953 τῶν
1427 909 1638 966 ποιημά-

197 1006 320 1041 των,
344 987 445 1032 ὄσα
470 989 603 1032 κατά
625 1004 744 1031 τινα
770 987 1015 1049 ἁρμονίαν
1039 989 1319 1051 ἑπέρχομαι
1343 987 1424 1033 καὶ
1451 990 1637 1054 γράφω.

195 1067 293 1110 Nec
327 1063 491 1123 video,
540 1062 654 1125 quid
691 1074 852 1109 contra
893 1063 1014 1109 hanc
1052 1064 1301 1111 lectionem
1344 1063 1434 1112 dici
1474 1067 1636 1131 possit.

196 1144 413 1190 Similiter
442 1144 676 1207 adjectum
708 1167 784 1202 τις
814 1145 962 1193 habes
993 1147 1062 1193 Ol.
1090 1148 1208 1205 VIII,
1236 1149 1315 1195 25.
1352 1150 1397 1194 Ρ.
1419 1147 1502 1204 IV,
1532 1147 1638 1197 145.

196 1223 262 1281 V,
290 1226 364 1269 76.
399 1226 480 1281 IX,
508 1226 584 1270 90.
620 1235 662 1271 et
691 1227 770 1288 qui
798 1225 928 1272 locus
956 1238 1119 1273 nostro
1150 1228 1309 1275 similis
1336 1227 1407 1276 ol.
1439 1230 1525 1289 IX,
1554 1229 1634 1275 28.

199 1308 241 1355 εἰ
272 1311 366 1354 σύν
391 1324 496 1353 τινι
523 1304 752 1373 μοιριδίῳ
784 1311 997 1372 παλάμᾳ
1026 1309 1277 1372 ἐξαίρετον
1304 1308 1532 1375 Χαρίτων
1564 1312 1638 1356 νέ-

196 1406 359 1448 μομαι
390 1394 565 1435 κᾶπον.
654 1388 868 1450 ἁρμονία
897 1397 1051 1431 autem
1078 1388 1123 1431 in
1155 1386 1322 1433 codice
1352 1398 1513 1433 nostro
1548 1404 1638 1434 ex—

196 1464 395 1530 plicatur
424 1467 628 1531 σειρὰν,
665 1468 839 1523 τάξιν,
876 1482 970 1511 uon
997 1465 1147 1512 male:
1196 1478 1262 1513 est
1299 1467 1425 1514 idem
1465 1484 1519 1514 ac
1553 1474 1635 1530 με’-

197 1565 346 1613 τρον,
393 1544 447 1591 cf.
488 1547 531 1590 P.
570 1548 627 1602 Il,
666 1547 742 1591 34.
787 1551 880 1614 χρὴ
912 1545 962 1595 δὲ
995 1557 1105 1596 κατ’
1131 1552 1291 1596 αὐτὸν
1320 1552 1417 1596 αἰεὶ
1448 1552 1638 1602 παντὸς

200 1630 323 1692 ὀροῖν
351 1630 562 1692 μέτρον,
601 1637 645 1673 et
673 1627 744 1674 Ol.
775 1630 895 1686 XIII,
926 1628 1001 1673 45.
1081 1631 1149 1675 Ita
1176 1640 1335 1675 nostro
1363 1628 1470 1675 loco
1503 1634 1636 1678 κατά

198 1728 318 1756 τινα
355 1711 600 1775 ἁρμονίαν
640 1711 751 1755 erit:
800 1709 1064 1757 secuudum
1100 1709 1315 1757 ordinem
1358 1720 1402 1755 et
1440 1708 1637 1755 modum

200 1786 461 1852 quendam,
498 1792 630 1838 κατὰ
659 1798 858 1857 μοῖραν.
929 1792 1022 1839 VV.
1046 1793 1148 1839 DD.
1180 1795 1261 1840 τὶν
1291 1790 1496 1854 legentes
1525 1807 1638 1854 par-

198 1869 280 1914 tim
314 1867 373 1915 de
403 1871 662 1916 accusativo
690 1887 827 1936 pron.
855 1887 975 1935 pers.
1008 1874 1291 1936 cogitarunt,
1325 1882 1486 1917 contra
1516 1887 1637 1918 con-

196 1950 487 1998 suetudinem
530 1963 724 2014 poetae,
776 1956 946 2016 partim
990 1953 1049 2000 de
1091 1953 1276 2009 dativo,
1325 1962 1370 1998 ut
1412 1953 1472 1999 sit
1515 1969 1637 1999 con-

196 2033 417 2078 structio:
461 2033 680 2097 εὔχομαι
709 2037 820 2091 τὶν,
857 2037 1025 2083 ἑκόντι
1058 2037 1153 2097 νόῳ
1179 2038 1377 2099 βλέπειν
1407 2038 1521 2082 xa&
1551 2039 1636 2100 ἁρ-

200 2114 380 2174 μονίαν
424 2111 529 2172 [vel
570 2117 902 2175 καταβλέπειν
941 2118 1217 2180 ἁρμονίαν)
1255 2119 1381 2183 ἀμφ’
1416 2115 1636 2165 ἕκαστον

202 2195 302 2244 ὅσα
334 2199 527 2258 νέομαι.
595 2194 872 2241 Alterutram
899 2196 1122 2242 rationem
1154 2197 1191 2240 si
1223 2193 1480 2252 adhibeas,
1514 2193 1638 2242 hae—

200 2274 320 2320 rebit
349 2277 394 2320 in
424 2274 515 2321 hoc
544 2274 652 2321 loco
695 2274 987 2322 durissimum
1021 2274 1343 2339 hyperbaton,
1390 2275 1519 2338 quod
1554 2292 1637 2322 cur

199 2370 292 2401 non
334 2357 546 2403 vitaverit
584 2355 831 2414 Pindarus,
878 2374 1018 2403 nemo
1055 2354 1316 2419 explicabit.
1391 2355 1637 2403 Accedunt

203 2433 290 2480 alia
317 2436 631 2483 incommoda.
709 2439 857 2493 Quam
886 2436 951 2482 ob
982 2454 1081 2483 rem
1118 2436 1229 2484 deus
1266 2438 1507 2484 invocetur
1540 2438 1636 2490 in—

201 2516 433 2577 spicere
461 2518 535 2562 veI
560 2519 864 2582 respicere
890 2528 1097 2575 cantum,
1129 2530 1174 2565 et
1197 2535 1290 2567 non
1312 2519 1634 2584 inspirare?

202 2610 339 2655 quem
382 2596 570 2657 quidem
608 2614 799 2644 sensum
840 2609 961 2645 recte
998 2600 1238 2661 requirere
1284 2599 1470 2646 videtur
1509 2600 1635 2645 Her-
