1726 2912
1447 4 1508 48 79

71 133 277 190 Cyrena:
330 130 412 178 ἵνα
447 132 730 178 καλλίσταν
770 133 915 178 πόλιν
951 133 1175 198 ἀμφέπει
1216 133 1419 180 κλεινάν
1464 136 1507 179 τ’

69 215 303 266 ἀέέπλοις,
354 220 396 256 et
421 213 472 255 O.
505 213 571 265 X,
603 214 645 257 9.
682 216 747 259 τὰ
781 215 869 272 μὲν
904 215 1122 279 ἁμετέρα
1154 215 1358 275 γλῶσσα
1395 231 1506 261 ποι--

70 295 263 353 μαίνειν
291 296 468 340 ἐθέλει.

172 375 245 417 16.
300 374 416 417 Cum
443 374 628 419 Pauwio
667 373 817 435 placet
844 389 1076 437 reponere
1106 375 1221 441 εὕρῃ
1247 395 1353 432 τις,
1401 378 1508 439 quia

70 470 165 500 non
184 456 291 500 satis
316 465 439 500 recte
466 456 582 521 ἔργα
605 457 820 520 accipere
840 454 1051 500 dicuntur
1077 456 1267 505 οἴποινα
1289 460 1508 523 μόχέαων.

169 536 248 582 58.
286 540 367 584 τὶν
393 534 433 583 δ’
458 543 660 586 ἐοικότα
687 542 862 603 καιρὸν
887 541 1043 602 ὄλβου
1072 538 1275 595 δίδωσι,
1312 543 1509 603 τόλμαν

7 646 9 673 :
72 637 126 664 τε
153 622 314 665 καλῶν
345 623 564 683 ἀρομένῳ
595 624 797 673 σύνεσις
832 626 921 667 οὐκ
954 623 1274 682 ἀποβλάπτει
1306 629 1508 689 φρενῶν.

6 739 9 755 ,
72 697 215 742 Multa
254 713 409 759 neque
444 713 552 742 vera
597 695 672 741 hic
720 708 976 744 statuerunt
1013 701 1107 746 VV.
1136 701 1238 745 DD.
1278 702 1509 748 immerito

72 777 358 841 negligentes
386 775 714 823 scholiastam:
749 783 831 826 σοὶ
857 778 932 836 δὲ,
958 783 1142 848 φησὶν,
1171 781 1202 829 ὦ
1221 786 1457 846 Θεαρίων,
1485 790 1510 841 ἢ

4 895 7 929 ⁴3
73 864 206 923 τύχη
238 858 558 920 εὐδαιμονίας
588 859 827 925 ἁρμόδιον
857 859 1111 924 δωρεῖται,
1150 866 1232 908 ὅτι
1264 867 1513 929 γεγηρακό-

73 961 127 988 τι
156 942 553 1009 ἀνακουφίξεταί
584 961 670 988 σοι
698 946 758 989 τὸ
789 949 934 1005 γῆρας
961 950 1070 996 ταῖς
1103 950 1199 989 τοῦ
1227 941 1405 998 παιδὸς
1434 951 1512 993 εὐ-

74 1021 274 1079 δοξίαις.
356 1022 499 1084 Igitur
521 1038 606 1066 nec
631 1020 689 1067 de
716 1023 860 1083 patris
885 1023 1010 1067 irrito
1038 1024 1258 1069 victoriae
1283 1026 1514 1085 agonisti-

76 1119 157 1149 cae
183 1102 370 1159 studio,
418 1119 502 1148 uec
537 1101 597 1147 de
627 1103 870 1147 senectutis
903 1112 1116 1165 torpore,
1152 1105 1231 1166 qni
1262 1103 1514 1152 Thearioni

75 1186 223 1230 minus
262 1186 316 1229 sit
355 1183 605 1241 molestus,
655 1183 989 1246 cogitabimus,
1041 1185 1317 1247 recipiemus
1356 1196 1513 1232 autem

75 1263 298 1310 Schmidii
330 1266 667 1310 correctionem
699 1269 971 1329 ἀρόμενον;
1018 1264 1062 1309 h.
1094 1283 1130 1311 e.
1173 1282 1277 1311 cum
1308 1265 1512 1314 Theario

75 1344 219 1391 audax
258 1344 500 1390 consilium
538 1347 759 1407 cepisset,
811 1362 905 1390 non
944 1345 1147 1392 deseruit
1193 1363 1300 1392 eum
1346 1350 1512 1395 mentis

75 1426 294 1473 sollertia.
363 1425 559 1472 Videtur
582 1427 703 1471 enim
725 1424 929 1471 Theario
955 1426 1098 1471 filium
1125 1426 1184 1472 ad
1213 1427 1515 1476 obtinendam

75 1509 319 1554 victoriam
350 1507 470 1554 bene
496 1509 782 1564 instruxisse,
829 1519 1120 1570 quapropter
1146 1519 1253 1554 ante
1281 1510 1515 1572 Sogenem

76 1588 156 1634 ille
182 1588 424 1644 laudatur,
459 1587 584 1651 qnod
609 1588 690 1633 filii
716 1588 890 1635 viribus
921 1588 1120 1635 confisus
1150 1582 1217 1636 sit.
1284 1589 1427 1636 Aliter
1450 1590 1517 1636 illi

76 1672 205 1716 Nem.
250 1672 334 1726 xl,
378 1671 469 1713 22:
520 1668 709 1724 ἐλπίδες
745 1669 786 1718 δ’
826 1674 1146 1734 ὀκνηρότεραι
1185 1675 1358 1732 γονέων
1399 1691 1515 1722 παι-

77 1748 161 1807 δὸς
190 1752 304 1814 βίαν
336 1751 492 1816 ἔσχον
523 1756 572 1798 ἐν
600 1755 805 1798 nnec-m
834 1757 1116 1817 πειρᾶσθαι
1154 1754 1236 1799 καὶ
1271 1755 1515 1820 Ὀλυμπίᾳ

80 1832 279 1887 οἴὲιλων,
330 1840 372 1876 et
403 1831 554 1875 statim
586 1846 650 1875 vs.
677 1832 768 1874 30:
818 1834 907 1879 τὸν
939 1830 979 1878 δ’
1009 1831 1074 1879 αὖ
1105 1838 1516 1900 καταμεμφθέντ’

79 1914 209 1975 ἄγαν
239 1915 389 1975 ἰσχὺν
417 1913 604 1959 οἰκείων
630 1915 952 1980 παρέσφαλεν
982 1916 1143 1962 καλῶν
1170 1916 1338 1978 χειρὸς
1364 1914 1514 1964 ἕλκων

80 1995 274 2042 ὀπίσσω
294 1996 454 2052 Ξνυμὸς
483 1994 708 2054 ἄτολμος
734 1996 834 2040 ἐών.
905 1991 961 2037 cs.
985 1994 1144 2050 etiam,
1169 1994 1353 2056 quaein
1370 1994 1516 2040 Lam-

81 2075 216 2137 ponis
244 2071 430 2118 laudem
454 2071 562 2118 dicit
586 2084 726 2138 poeta
760 2075 793 2117 l.
828 2073 884 2129 V,
915 2075 992 2118 (56.

195 2157 271 2201 61.
323 2159 584 2204 σκοτεινὸν
621 2159 819 2219 ἀπέχων
857 2159 1015 2218 ψόγων
1054 2181 1118 2189 -·
1158 2158 1351 2203 αἰνέσω.
1445 2156 1519 2202 Sic

0 2254 1 2261 ¹
41 2230 44 2232 ’
81 2238 240 2282 transit
281 2236 343 2282 ad
382 2238 657 2299 Aeginetas,
705 2234 782 2298 qui
823 2253 927 2281 eum
973 2233 1096 2280 haud
1128 2234 1350 2297 hospitali
1384 2252 1518 2283 more

85 2318 461 2380 vituperaverant
502 2328 696 2380 propter
730 2318 1044 2363 narrationem
1082 2316 1142 2362 de
1180 2315 1518 2379 Neoptolemo:

84 2400 434 2466 ἀμφιπόλοισι
468 2401 786 2462 μαρνάμενον
820 2407 1025 2463 μοιριοῐν
1063 2401 1171 2466 περὶ
1205 2405 1363 2460 τιμοῖν
1395 2401 1519 2447 ἀπο·

83 2482 306 2526 λωλέναι.
378 2478 733 2539 Correptionem
762 2475 971 2537 syllabae
997 2486 1101 2523 ante
1130 2480 1393 2527 σκοτεινὸν
1418 2487 1518 2523 tue-

87 2560 176 2605 aris
204 2555 440 2605 Hesiodeo
472 2556 688 2620 exemplo
723 2559 773 2603 Ο.
805 2568 848 2603 et
879 2557 935 2601 D.
979 2558 1051 2613 εἴη
1085 2558 1290 2624 πετραίη
1317 2577 1372 2607 τε
1401 2562 1516 2613 σκιὴ
