1726 2912
140 67 172 109 6

145 192 207 239 ad
244 193 463 238 victorias
495 187 715 235 ludorum
753 190 949 233 maxime
979 185 1254 233 referendae
1292 185 1407 232 nihil
1441 204 1581 234 com-

147 289 283 320 mune
310 270 485 317 habent
513 287 618 316 cum
642 271 694 315 iis
716 267 984 327 virtutibus⁷
1022 265 1196 329 quibus
1225 265 1412 313 beatam
1443 269 1579 313 vitam

145 363 254 420 post
279 362 479 399 mortem
507 367 752 397 meremur.
820 347 904 396 Vel
937 358 1131 411 propter
1158 346 1280 395 hanc
1304 363 1496 394 causam
1520 347 1582 394 ad

147 435 273 500 ἔχων
300 435 457 497 nequit
482 431 694 498 suppleri
721 435 875 480 ἐστίν.

245 543 324 588 64.
361 548 431 589 τοῖ
461 539 581 594 διὸς.
657 540 735 584 67.
783 539 914 592 ἴσαις
946 535 996 585 δὲ
1028 542 1298 585 νύκτεσσιν
1331 540 1409 585 ἀεὶ
1447 538 1583 592 ἴσαις

151 623 192 670 δ’
217 629 268 671 ἐν
295 626 340 669 ἁ.
419 622 496 666 69.
541 623 717 669 ἐσθλοὶ
748 617 1061 684 δὲδέρκονται
1096 618 1231 676 (sic),
1267 634 1358 680 qua
1386 617 1584 664 lectione

150 702 453 748 confirmatur
475 701 727 746 Hermanni
753 699 1019 761 conjectura
1045 696 1355 763 δεδόρκαντι.

244 812 323 856 71.
372 812 552 858 κενεάν.
634 810 709 854 ΊἾ.
752 808 998 855 ἔστειλαν.
1076 807 1152 851 78.
1200 804 1369 868 legitur
1395 814 1585 864 νᾶσον,

149 901 271 937 errat
301 891 423 936 enim
447 891 677 951 Heyuius,
711 904 745 934 s.
773 885 1033 932 Schmidius
1063 891 1212 942 νᾶσος
1239 886 1346 932 hinc
1370 885 1587 943 laudans,

149 988 269 1035 quae
295 970 580 1036 προσῳδία,
617 971 654 1015 si
679 969 835 1033 plures
860 967 1100 1013 beatorum
1126 967 1295 1014 insulas
1323 978 1462 1031 poeta
1486 977 1588 1013 sta-

148 1056 305 1111 tuerit,
333 1056 488 1100 verior
511 1052 703 1098 videtur.
774 1053 851 1098 79?
880 1056 1235 1118 περιπνέοισιν.
1305 1051 1380 1095 Sl.
1410 1054 1586 1120 φέρμει

150 1152 239 1196 pro
271 1138 459 1204 φέρβει.

263 1243 339 1287 82.
400 1242 655 1308 ὅρμοισι
707 1249 848 1295 τῶν,
913 1246 1101 1306 χέρας
1152 1243 1586 1288 ἀναπλέκοντι

151 1325 253 1369 καὶ
291 1325 650 1388 στεφάνους
687 1336 723 1364 e.
756 1319 814 1381 gl.
846 1325 1137 1388 στεφάνοις.
1213 1317 1478 1364 Boeckhius
1508 1319 1588 1362 in-

149 1400 257 1446 tulit
286 1403 508 1470 κεφαλὰς
537 1402 650 1462 (pro
676 1401 1014 1466 στεφάνους),
1049 1396 1105 1443 cf.
1137 1414 1255 1460 quae
1280 1398 1464 1460 scripsit
1488 1398 1587 1442 Ex-

150 1481 255 1543 plic.
288 1498 335 1545 p.
366 1481 469 1526 131.
507 1489 549 1524 et
578 1481 681 1524 Not.
710 1479 807 1524 crit.
842 1495 886 1540 p.
917 1480 1024 1524 359.
1108 1480 1291 1524 Frustra
1328 1478 1422 1524 hoc
1458 1478 1587 1538 fecit,

150 1578 256 1606 nam
287 1566 540 1627 στέφανος
571 1576 656 1621 per
686 1575 735 1605 se
766 1576 985 1605 coronam
1020 1559 1180 1623 capitis
1210 1569 1350 1604 notat.
1427 1561 1588 1621 ltaque

149 1644 187 1687 si
215 1646 440 1710 κεφαλὰς
475 1642 520 1685 in
548 1639 679 1685 libris
712 1638 971 1702 legeretur,
1016 1639 1062 1684 id
1100 1640 1254 1703 potius
1287 1638 1473 1702 glossae
1501 1654 1589 1684 su—

150 1723 411 1784 spicionem
441 1738 634 1767 movere
664 1719 869 1766 deberet.
938 1720 1212 1782 Enallagam
1233 1721 1588 1766 constructionis

151 1801 382 1867 explicant
410 1800 709 1858 scholiastae,
746 1818 945 1863 quorum
976 1800 1121 1846 verba
1150 1799 1267 1847 haec
1296 1811 1424 1846 sunt:
1463 1810 1589 1846 vetus

151 1885 234 1928 ait:
272 1884 501 1949 ὅρμοισι·
541 1891 646 1936 τοῖς
673 1888 966 1949 ἐνέρμασιν,
1003 1881 1078 1937 οἷς
1107 1885 1195 1937 τὰς
1216 1891 1381 1947 χεῖρας
1405 1897 1590 1951 στεφα·

151 1970 365 2012 νοῦνται
400 1965 478 2010 καὶ
512 1967 602 2016 τὰς
631 1966 884 2029 κεφαλὰς,
931 1970 1041 2010 κατ’
1068 1969 1344 2025 ἐναλλαγὴν
1378 1964 1427 2013 δὲ
1462 1967 1590 2012 πτώ-

151 2064 263 2099 σεως
295 2043 428 2092 εἶπεν
469 2047 586 2092 ἀντὶ
616 2052 733 2092 τοῦ·
783 2046 949 2109 χερσὶν
988 2049 1358 2091 ἀναπλέκουσιν
1404 2046 1589 2110 ὅρμους

153 2129 237 2174 καὶ
266 2132 567 2192 στεφάνους.
618 2139 805 2169 recens:
849 2131 1008 2171 τοῦτο
1042 2125 1173 2172 οὕτω
1204 2129 1336 2186 λέγε·
1373 2133 1470 2174 τῶν
1504 2130 1589 2173 καὶ

154 2210 244 2272 ἀφ’
267 2206 330 2254 ὧν
357 2209 701 2254 ἀναπλέκουσι
726 2209 816 2260 τὰς
843 2214 1011 2269 χεῖρας
1033 2213 1082 2254 ἑν
1109 2206 1280 2269 ὅρμοις
1309 2211 1461 2254 καὶέν
1485 2226 1590 2254 στε-

154 2292 367 2355 φάνοις,
412 2289 503 2341 τὰς
547 2292 733 2335 ἑαυτῶν
771 2289 992 2354 κεφαλὰς
1032 2285 1277 2342 δηλονότι.
1330 2291 1411 2335 καί
1446 2294 1588 2336 ἐστιν

154 2369 332 2430 ὅμοιον
354 2375 422 2430 τῷ
446 2367 839 2432 παρἘύριπίδῃ”
876 2371 1012 2428 μήθ’
1049 2367 1202 2429 αἷμά
1239 2389 1355 2428 μου
1393 2368 1590 2427 δέξαι-

152 2468 223 2495 το
261 2451 580 2516 κάρπιμον
618 2448 835 2504 πέδον,
873 2455 948 2510 μὴ
988 2454 1263 2512 λαμπρὸς
1301 2455 1490 2518 αἰθὴρ
1527 2453 1587 2499 τὸ

151 2538 348 2592 πνεῦμα
378 2528 627 2587 δηλονότι
700 2533 860 2577 Nonne
886 2530 978 2577 hoc
998 2533 1152 2593 ipsum
1186 2531 1450 2597 exemplum
1471 2549 1592 2578 zeu-

151 2626 259 2672 gma
298 2609 388 2657 loci
422 2610 646 2657 Pindarici
687 2611 920 2658 illustrat?
1003 2613 1261 2660 Distinctius
1299 2614 1364 2658 sic
1409 2622 1590 2674 poterat
