1726 2912
166 50 223 93 14

264 178 335 220 12.
386 180 583 236 ἕτοιμος
615 175 710 218 Sine
734 181 933 217 accentu.
1022 172 1092 214 13.
1141 174 1326 235 Θήβαις
1355 193 1402 234 2⁶
1427 179 1599 220 τοιοῦ.

165 262 256 307 τόν
286 277 338 305 τι
368 258 498 311 ἔπος.
567 257 612 300 ln
641 256 760 301 Gott.
795 265 861 300 est
891 257 1078 316 Θήβαις
1106 271 1169 299 τε.
1242 254 1313 297 19.
1358 253 1403 297 in
1436 251 1600 299 ordine

164 349 230 385 est
256 336 479 402 δύσερίς,
517 348 559 382 et
585 357 662 391 τις
689 335 1017 381 minutioribus
1039 333 1195 379 litteris
1218 334 1601 396 suprascriptum,

165 418 344 481 reliqua
384 429 504 464 recte
546 416 721 462 habeut
765 418 808 461 in
845 416 938 462 hoc
977 431 1128 461 versu.
1221 417 1296 460 20.
1349 420 1602 476 ὀμόσσαις

165 504 383 563 (praeter
415 498 834 558 consuetudinem)
872 515 906 543 c.
937 498 997 561 gl.
1036 501 1195 546 εἰπών.
1275 498 1352 541 23.
1394 495 1423 552 ἦ
1449 494 1602 542 adscr.

166 587 315 629 καθὰ.
396 583 559 629 ἀλλᾶν
588 577 754 635 habet,
790 595 883 623 non
909 581 1088 627 ἀλλῶν.
1162 576 1330 622 Verum
1363 585 1605 621 accentum

163 663 261 725 jam
282 659 544 707 Schmidius
571 670 846 706 enotaverat.
916 657 1186 721 Adstipulor
1214 660 1487 704 Buttmanno
1515 656 1605 705 οἳλ-

167 748 261 792 λαν
291 741 592 789 scribendum
621 742 851 798 censenti,
887 740 944 786 cs.
979 739 1039 785 ad
1068 741 1113 784 Ρ.
1146 740 1227 796 IV,
1261 741 1334 783 19.
1403 739 1478 783 28.
1513 743 1605 785 σά·

169 845 318 890 μερον
341 829 515 872 ἑλὲεῖν.
584 826 658 869 30.
697 826 1022 884 ἰοπλόκαμον.
1091 822 1165 865 3ἶ.
1204 819 1466 869 πυὲὠνοιδῖ
1515 817 1608 864 de-

170 904 316 950 bebat
345 919 445 950 esse
477 903 739 954 πυὲώνάδέ
803 903 941 966 vulgo
977 902 1146 964 legitur
1177 899 1444 949 πυθώναδῖ
1531 901 1606 945 38.

170 989 365 1039 ταύτας
398 987 500 1051 πέρ’

265 1068 340 1110 42.
376 1064 664 1130 πραῧμητιν
695 1072 742 1114 τ’
766 1067 1018 1114 ἑλείὲυιαν
1052 1062 1373 1129 παρέστασέν
1411 1083 1464 1111 τε
1498 1066 1606 1125 μοι’-

171 1167 272 1214 pag.
356 1149 636 1193 Ἐλείθυιαν
668 1145 929 1191 Boeckhius
958 1162 1045 1207 pro
1075 1144 1231 1208 glossa
1263 1143 1450 1204 habuit,
1497 1145 1610 1205 quia

171 1229 216 1272 in
248 1225 350 1272 Ald.
382 1227 505 1271 Gott.
538 1225 738 1291 Guelph.
767 1226 865 1271 aliis
895 1228 1130 1272 invenerat
1161 1228 1433 1275 εἱλείὲυιαν
1468 1235 1611 1287 atque

173 1324 198 1353 a
222 1306 461 1353 Schmidio
491 1306 780 1369 negligenter
806 1308 1038 1368 inspectus
1068 1307 1218 1352 fuerat
1247 1306 1324 1352 hic
1350 1305 1481 1351 locus
1515 1322 1611 1350 no-

171 1389 325 1434 stratis
353 1387 486 1447 libri,
531 1385 911 1449 quandoquidem
941 1386 1101 1431 scribit
1128 1389 1313 1448 Heyne:
1369 1408 1388 1430 n
1407 1390 1452 1435 τ’
1475 1388 1614 1433 εἱλεί-

173 1477 321 1517 Seiam
346 1487 550 1533 παρεστ,
577 1465 680 1512 Ald.
706 1483 809 1512 cum
834 1466 972 1512 palat.
999 1469 1046 1511 C.
1070 1469 1233 1512 vitiose
1258 1477 1299 1512 et
1323 1484 1377 1512 ex
1400 1466 1569 1529 glossa.
1585 1483 1606 1507 (ι

171 1553 385 1599 Ἐλευὲὼ
418 1551 840 1615 συμπαρέστασεν
875 1549 1053 1594 nonnisi
1088 1558 1297 1593 recentes
1333 1546 1612 1593 scholiastae

173 1639 454 1692 agnoscunt,
490 1639 668 1674 veteres
696 1632 988 1677 Εἰλείθυιαν
1028 1627 1283 1688 (debebant
1305 1631 1613 1684 Ἑλείὲυιαν,

175 1727 294 1773 quae
325 1709 564 1755 Pindarica
600 1709 749 1754 forma
780 1719 870 1765 est,
923 1708 980 1755 cf.
1015 1711 1058 1753 P.
1092 1712 1166 1765 ΙΙΙ,
1199 1710 1242 1754 9.
1278 1719 1320 1754 et
1348 1711 1398 1753 N.
1431 1709 1529 1765 Vll,
1561 1712 1614 1766 l,

176 1807 315 1854 quum
347 1790 488 1836 altera
519 1795 731 1838 Ἐλευὲώ
760 1792 1029 1836 recentioris
1061 1793 1115 1836 sit
1142 1792 1427 1853 commatis),
1471 1789 1613 1837 iidem

177 1872 346 1918 diserte
374 1875 664 1939 παρέστασε
691 1870 944 1934 explicant:
980 1870 1349 1938 παρέστασέ
1381 1892 1459 1921 τε.
1493 1876 1615 1927 τοὺς

176 1954 491 2016 συνδέσμους
523 1952 836 2016 μεταθετέον
904 1960 928 2002 ὁ
970 1960 1061 2022 γὰρ
1096 1958 1240 2018 λόγος
1276 1954 1427 2010 οὗτος
1463 1960 1615 2003 ἀπαι-

175 2043 273 2083 τεῖ·
327 2043 389 2097 τῇ
429 2038 514 2096 μὲν
560 2040 584 2082 ὁ
624 2038 950 2099 χρυσοκόμας
997 2033 1281 2101 πραῧμητιν
1323 2039 1617 2083 Εἰλείθυιαν

177 2118 467 2183 παρέστασε
499 2117 692 2182 Μοίρας
719 2134 771 2162 τε
804 2120 935 2163 κατὰ
965 2120 1055 2163 τὸν
1086 2119 1252 2163 τόκον.
1321 2117 1497 2160 Tamen
1524 2132 1620 2159 nu-

179 2197 282 2261 peri
315 2195 515 2242 editores
547 2197 592 2240 in
622 2194 887 2258 hyperbato
918 2194 1237 2252 offenderunt,
1273 2213 1414 2258 quum
1444 2195 1619 2241 scilicet

179 2275 291 2322 illud
333 2281 626 2325 Εἱλείὲυιοιν
676 2292 758 2322 eos
804 2275 949 2322 semel
989 2294 1014 2322 a
1052 2286 1175 2322 recta
1220 2278 1293 2322 via
1335 2276 1617 2323 abduxisset.

180 2358 327 2402 Etiam
369 2373 561 2403 caesura
604 2372 685 2402 eos
724 2356 981 2403 admonete
1023 2368 1231 2422 poterat,
1282 2374 1374 2403 non
1415 2357 1475 2403 ab
1514 2359 1618 2420 ipso

181 2448 319 2500 pocta
354 2438 611 2500 profectam
643 2453 744 2484 esse
778 2440 1016 2496 Ἐλευὲώ,
1053 2439 1213 2485 vitavit
1238 2440 1359 2485 enim
1391 2437 1620 2484 diaeresin

182 2518 226 2562 in
255 2529 461 2580 quatuor
488 2519 682 2583 reliquis
711 2520 903 2584 epodis‚
951 2531 1097 2584 atque
1132 2523 1177 2566 in
1207 2523 1385 2587 prima,
1417 2519 1620 2567 secunda

184 2607 227 2644 et
253 2600 408 2659 quinta
436 2601 528 2657 sic,
560 2610 607 2646 ut
631 2602 678 2646 in
709 2600 917 2647 ultimam
944 2602 1071 2647 vocis
1091 2600 1323 2662 syllabam
1345 2600 1482 2647 cadat
1506 2603 1619 2647 arsis
