1726 2912
214 59 275 103 26

212 188 262 230 A.
302 187 442 231 1127.
485 187 675 248 corrigit
718 190 842 251 ὁρῶν
873 189 919 236 τ’
951 188 1112 232 ἀλκὰν
1148 187 1395 232 Azan-cem
1426 189 1475 232 ἐν
1507 182 1648 231 δαιτὶ

211 265 396 314 Ἰλιάδα
426 275 568 315 νικῶν
600 272 979 337 ἐπεστεφάνωσε
1010 268 1052 328 β
1129 262 1242 309 Inde
1279 263 1459 327 accipio
1504 268 1650 311 Αὶανἡ

210 350 358 402 τέων,
395 358 519 393 muto
546 358 695 393 autem
722 350 859 397 δαιτὶ
891 350 966 396 ὅτ’
986 346 1171 396 Ἰλιάδα
1202 345 1410 392 adhibita
1435 346 1650 407 synizesi‚

211 434 252 472 et
282 437 466 473 servato
498 435 679 494 ὁρῶντ’.

670 570 758 619 ΧΙ.
826 572 903 632 (X
940 576 984 619 in
1018 572 1189 629 codd.)

277 668 546 730 Inscriptio:
614 669 903 733 dynoffioiiuco
946 674 1105 736 λοκρῶ
1157 672 1453 738 ἐπιζεφυρὶω
1506 668 1651 717 παιδὶ

212 753 385 803 πύκτη.

310 830 355 875 3.
402 834 522 890 ἐμᾶς
550 835 841 896 γέγραπται.
927 830 989 875 ib.
1036 836 1101 879 σὺ
1130 836 1374 896 &oya-clyp.
1453 832 1496 875 8.
1531 839 1652 875 tenet

211 912 341 972 ἐμὸν.
410 910 472 954 ib.
516 916 869 971 καταισχύνει.

307 994 352 1037 9.
402 991 620 1036 Nondum
649 991 971 1038 animadversa
1004 992 1093 1038 fuit
1124 992 1260 1037 lectio
1295 990 1398 1036 cod.
1432 989 1564 1053 hujus
1600 1009 1650 1053 γε

209 1075 382 1130 τόκος,
418 1089 560 1134 quum
587 1072 847 1118 Boeckhius
876 1076 1016 1118 Notas
1045 1075 1221 1119 criticas
1247 1072 1510 1129 scribebat,
1545 1087 1650 1118 sero

211 1153 423 1215 cognitae
459 1153 501 1196 in
532 1152 664 1214 Expl.
699 1152 760 1198 ad
795 1153 836 1198 h.
866 1153 892 1199 l.
925 1153 1031 1198 fecit
1065 1155 1373 1209 mentionem,
1408 1169 1494 1198 nec
1529 1169 1654 1217 pro-

211 1232 352 1289 bans,
392 1249 481 1277 nec
507 1230 745 1278 attendens
777 1232 835 1278 ad
862 1233 1034 1279 lemma
1066 1235 1193 1294 ὅμως
1225 1233 1277 1281 δέ
1306 1254 1353 1295 γε
1381 1238 1538 1282 λῦσαι
1569 1232 1652 1281 δυ-

210 1317 393 1370 νατός,
443 1311 525 1359 sed
573 1313 839 1375 praeferens
887 1316 1162 1369 Hermanni,
1214 1330 1324 1358 sane
1366 1314 1653 1376 elegantem,

212 1395 522 1456 conjecturam
557 1400 703 1450 τόκος
734 1400 937 1462 ὀνάτωρ.
1010 1399 1220 1441 Attamen
1249 1412 1302 1440 ea
1332 1412 1421 1440 non
1450 1405 1652 1452 utemur,

212 1476 326 1537 quia
355 1491 408 1520 ex
436 1474 541 1520 cod.
568 1477 793 1537 scriptura
823 1491 981 1521 sensus
1006 1491 1115 1521 sane
1143 1477 1345 1538 optimus
1376 1477 1543 1521 existit:
1580 1486 1652 1522 ta-

211 1572 321 1601 men
362 1557 530 1618 poterit
576 1556 792 1602 acerbam
838 1558 1222 1619 vituperationem
1269 1555 1466 1619 quidem
1505 1559 1651 1602 usura

213 1637 421 1682 virorum
462 1636 641 1684 diluere
678 1655 819 1695 nunc,
867 1638 946 1683 nbi
979 1638 1209 1684 calculum
1242 1638 1492 1684 volutatum
1527 1637 1651 1684 unda

1537 1736 1654 1782 gra-

211 1798 319 1844 tiam
351 1815 645 1845 communem
675 1801 900 1846 rationem
926 1800 1263 1863 persolvemus.
1348 1802 1652 1864 Interrogatio

212 1718 424 1763 carminis
450 1720 539 1764 mei
572 1729 792 1781 proruet,
839 1730 984 1782 atque
1017 1718 1142 1778 (ubi)
1178 1721 1221 1764 in
1251 1721 1506 1765 amicorum

211 1890 332 1925 recta
364 1896 455 1925 non
486 1880 678 1926 ferenda
716 1882 759 1926 in
800 1883 1056 1938 enuntiato,
1101 1883 1176 1927 cui
1211 1883 1311 1930 ὅπα
1351 1880 1651 1944 praefigitur,

211 1976 296 2005 nec
321 1972 479 2006 nostro
505 1961 613 2007 loco
643 1971 774 2023 apta,
812 1964 918 2024 quia
951 1973 1042 2009 tum
1074 1964 1317 2025 responsio
1345 1979 1437 2008 non
1468 1963 1527 2008 ita
1553 1961 1653 2008 fieri

210 2051 388 2103 potest,
423 2052 471 2086 ut
501 2040 576 2085 hic
608 2057 672 2086 vs.
700 2044 771 2086 13.
815 2047 947 2104 νέμει
978 2046 1068 2106 γὰρ
1098 2048 1342 2108 ἀτρέκεια.
1423 2042 1651 2089 Particula

211 2121 595 2184 significationem
630 2124 853 2185 temporis
896 2123 1039 2169 altero
1075 2140 1209 2170 versu
1247 2127 1361 2186 (ll)
1401 2122 1570 2181 habet,
1614 2125 1653 2169 si

213 2200 510 2249 scholiastam
552 2202 759 2265 aliquem
798 2214 1003 2249 veterem
1052 2204 1206 2250 audis:
1260 2214 1350 2254 νῦν
1385 2210 1475 2261 τὴν
1516 2210 1651 2272 παρὰ

213 2291 309 2333 τῶν
341 2287 609 2351 ἀνθρώπων
643 2290 830 2346 μέμψιν
866 2290 1170 2334 κατακλύσει
1210 2291 1235 2334 ὁ
1269 2288 1423 2348 ὕμνος
1463 2292 1521 2342 ὡς
1560 2294 1654 2349 ψῆ-

214 2377 314 2434 φον
353 2373 512 2429 κῦμα,
566 2367 694 2415 ὅταν
739 2370 829 2414 τὸν
871 2370 1037 2416 κοινὸν
1075 2372 1254 2431 λόγον,
1308 2373 1555 2418 τουτέστι
1590 2371 1652 2417 τὸ

215 2445 405 2510 ποίημα
446 2450 566 2516 πρὸς
603 2450 755 2516 χάριν
801 2451 1137 2512 ἀποτίσωμεν.
1219 2451 1370 2495 Etiam
1411 2451 1456 2494 in
1493 2459 1652 2496 nostro

215 2526 320 2573 cod.
340 2529 487 2592 priori
505 2530 606 2577 ὄπα
627 2543 856 2593 superser.
875 2534 1042 2588 καθὰ,
1079 2533 1331 2594 posteriori
1350 2533 1495 2582 ὅταν.
1558 2534 1652 2578 At-

212 2607 291 2670 qui
321 2606 613 2656 durissimum
643 2611 724 2667 sit,
758 2610 885 2658 illam
913 2622 1006 2660 tam
1036 2612 1170 2660 brevi
1200 2613 1446 2660 intervallo
1472 2613 1651 2676 repeti-
