1726 2912
196 16 256 59 18

193 147 287 198 τὰ,
333 141 503 186 lemma
539 138 728 201 quidem
765 150 830 183 est
867 140 911 183 in
952 137 1097 182 schol.
1138 147 1223 182 vet.
1263 143 1399 187 αὐτὰ
1428 138 1480 188 δέ
1508 154 1627 207 σςοι-

195 243 307 279 σιν,
354 231 398 267 et
429 219 588 267 scribit
622 225 749 275 αὐτὴ
788 219 837 267 δὲ
877 223 1115 274 ἡἈΞνηνοῖ
1151 221 1282 266 κατὰ
1315 226 1488 268 πᾶσαν
1527 241 1625 281 χει-

194 307 452 372 ρουργικὴν
481 306 662 362 τέχνην
691 304 751 347 τὸ
782 301 996 364 ἄριστον
1020 305 1192 353 αὐτοῖς
1221 303 1506 362 ἀπένειμεν,
1543 299 1630 345 ad-

195 384 260 430 dit
287 395 439 430 tamen
468 383 560 428 hoc
588 398 808 444 quoque:
850 381 996 428 ὅστε
1015 398 1117 445 ρον
1147 379 1197 428 δὲ
1226 385 1273 428 οἱ
1300 379 1483 430 Ῥόδιοι
1514 386 1631 431 πολ-

191 470 257 516 λὰ
287 475 383 515 τῶν
420 470 538 531 πρὸς
574 468 664 511 τὸν
701 466 807 527 βίον
847 464 1128 517 ἀνηκόντων
1171 465 1431 527 ἐργαλείων
1472 461 1632 529 εὗρον.

191 548 333 609 Igitur
355 544 520 592 divitiis
545 561 569 589 a
592 546 710 589 Jove
736 542 915 590 donatis
938 545 1147 588 Minerva
1170 544 1277 588 artis
1302 544 1632 605 praestantiam

193 625 361 689 adjecit
387 637 578 691 postea,
616 637 657 671 et
683 624 935 687 explicatur
959 624 1152 673 ἔπειτεν
1184 641 1267 687 per
1292 626 1520 691 ὕστερον.

291 707 367 752 55.
420 712 585 774 ῥήσιες
617 708 784 762 οὔπω,
822 707 910 753 ὅτε
944 706 986 753 δ.
1022 705 1217 751 meliore
1250 705 1633 770 interpunctione.

192 789 269 834 57.
304 794 354 838 ἐν
385 791 642 852 βέικὲεσσι.
712 789 787 833 58.
824 786 1016 846 ἔνδειξε.
1085 789 1161 833 60.
1198 789 1281 836 καὶ
1307 793 1369 855 ῥά
1395 806 1482 849 μιν
1511 786 1636 846 (sic).

291 871 367 914 61.
402 880 556 915 servat
581 871 817 931 ἄμπαλον
844 885 883 914 c.
912 868 972 930 gl.
1000 872 1160 917 ἄλλον
1186 873 1378 933 κλῆρον.
1426 868 1634 930 agnitum

195 965 222 997 a
254 961 410 996 vetere
441 948 714 1006 scholiasta,
763 948 1028 1005 Eustathio,
1075 948 1263 1011 reliquis
1290 947 1422 993 libris
1453 958 1497 994 et
1525 958 1633 995 vett.

196 1029 491 1078 editionibus.
560 1031 728 1075 Contra
758 1028 846 1074 hos
877 1046 1039 1075 omnes
1074 1027 1340 1076 Bocckhius
1375 1027 1525 1075 intulit
1563 1030 1633 1091 οἲμ

196 1115 385 1166 πάλον,
423 1121 692 1173 argumenta
728 1108 983 1167 adhibens,
1018 1109 1186 1172 quibus
1216 1111 1372 1156 nescio
1408 1127 1464 1156 an
1493 1109 1636 1156 hodie

193 1190 309 1238 nolit
336 1192 409 1237 uti.
477 1190 682 1236 Tafelius
707 1207 816 1235 cum
834 1189 1102 1237 Ahlwardio
1124 1189 1260 1236 rediit
1285 1190 1347 1236 ad
1373 1190 1636 1254 vulgatam,

194 1271 390 1318 afferens
409 1271 620 1334 exempla
641 1273 905 1333 ἄμπνευμα
922 1308 935 1329 ,
959 1277 1218 1329 ἀναπνοὰ,
1243 1272 1420 1327 ἄνοδος
1471 1275 1638 1330 Recte3

194 1363 376 1417 poterat
394 1363 544 1397 autem
558 1356 733 1414 aptiora
752 1352 952 1414 eligere,
977 1363 1024 1397 ut
1050 1356 1297 1416 ξύμβολος
1324 1351 1451 1417 apud
1468 1351 1636 1398 Aesch.

193 1437 267 1480 Pr.
299 1435 409 1478 496.
454 1442 496 1478 et
528 1449 770 1494 opponere
803 1436 1126 1491 όινάπαλμος,
1175 1433 1212 1477 si
1247 1434 1466 1478 usitatum
1499 1433 1637 1479 fuerit

194 1512 477 1560 vocabulum
515 1517 592 1573 (ac
626 1524 775 1574 potest
805 1514 997 1574 fuisse),
1045 1516 1233 1559 mininie
1263 1513 1522 1577 significare
1553 1532 1637 1562 re-

196 1596 386 1658 petitam
417 1595 725 1650 sortitionem,
762 1594 845 1641 sed
876 1598 1120 1661 repetitam
1157 1595 1491 1654 vibrationem,
1527 1594 1638 1641 chi-

195 1675 455 1719 romantiae
486 1690 652 1731 causa,
689 1673 889 1738 denique
919 1681 1075 1732 πάλος
1108 1688 1152 1723 ut
1183 1681 1360 1741 βόλος,
1396 1676 1636 1735 abstracti,

196 1764 242 1799 ut
269 1756 418 1817 ajunt,
466 1758 702 1801 notionem
739 1755 928 1803 habere.
1008 1759 1188 1804 vereor
1216 1759 1393 1823 potius,
1439 1769 1489 1803 ut
1521 1775 1637 1804 cor-

195 1836 339 1880 rectio
369 1837 441 1898 οἲμ
475 1842 638 1885 πάλον
667 1848 789 1882 stare
815 1849 980 1899 queat,
1018 1837 1408 1901 quandoquidem
1434 1841 1479 1884 in
1504 1841 1637 1885 tmesi

198 1932 290 1961 non
309 1915 425 1962 solet
447 1919 516 1979 ἄμ
538 1916 766 1963 adhiberi.
834 1919 887 1964 cf.
920 1919 987 1964 Ol.
1017 1922 1136 1976 ΧΙΙΙ,
1162 1920 1235 1965 69.
1274 1923 1370 1968 ἀνὰ
1397 1919 1437 1969 δ“
1459 1922 1637 1970 ἔπαλτ’

201 2002 332 2064 ὀρὲῷ
364 1995 497 2044 ποδί.
564 2001 613 2043 N.
644 2000 707 2054 V,
736 2001 811 2044 51.
847 2005 943 2049 ἀνὰ
979 2000 1018 2047 δ’
1049 2005 1191 2050 ἱστία
1220 2010 1399 2049 τεῖνον.
1467 2005 1518 2048 Ν.
1550 2005 1637 2058 ΙΧ,

199 2079 242 2123 8.
279 2080 389 2125 ἀλλ’
416 2081 511 2124 ἀνὰ
538 2083 626 2140 μὲν
654 2081 868 2144 βρομίαν
898 2085 1142 2151 φόρμιγγ’,
1178 2086 1273 2129 ἀνὰ
1307 2082 1349 2130 δ’
1377 2086 1534 2132 αὐλὸν
1564 2086 1638 2134 ἐπ’

204 2162 364 2207 αὐτὰν
385 2159 612 2224 ὄρσομεν.
679 2162 727 2204 N.
755 2163 816 2216 X,
845 2162 920 2207 90.
956 2165 1051 2210 ἀνὰ
1074 2160 1115 2210 δ’
1136 2166 1310 2211 ἔλυσεν
1334 2166 1420 2225 μὲν
1443 2168 1637 2233 ὀφθαλ-

201 2245 311 2302 μόν.
380 2241 410 2284 Ι.
442 2240 500 2297 V,
533 2241 609 2285 59.
647 2245 741 2288 ἀνὰ
772 2241 814 2289 δ’
844 2242 1042 2306 οἴγαΊΟν.
1110 2245 1155 2288 Ρ.
1187 2243 1268 2299 IV,
1301 2245 1376 2288 34.
1413 2246 1475 2293 ἂν
1500 2243 1541 2293 δ’
1566 2251 1638 2294 εὐ-

202 2325 293 2376 ἓὺς
316 2322 555 2387 ἁρπάξαις
578 2325 790 2388 ἀρούρας
816 2326 988 2380 «ξένιον.
1059 2323 1220 2381 Vides,
1257 2342 1403 2387 quam
1432 2324 1639 2389 diligen-

202 2411 269 2446 ter
312 2403 415 2447 vitet
451 2417 733 2448 concursum
777 2406 1134 2467 praepositionis
1181 2422 1287 2451 cum
1329 2406 1637 2453 substantivo.

204 2484 352 2544 Atque
381 2483 439 2528 ita
470 2482 645 2547 ubique
675 2483 800 2547 apud
831 2483 954 2531 hunc
983 2495 1170 2548 poetam
1196 2487 1352 2532 tmesis
1378 2503 1432 2532 ea
1459 2497 1637 2533 tantum

203 2561 376 2608 ratione
417 2562 689 2621 adhibetur,
739 2577 785 2613 ut
826 2568 1136 2631 praepositio,
1183 2584 1288 2615 cum
1326 2569 1478 2631 ipsum
1515 2567 1638 2614 sub-
