1726 2912
1447 46 1516 91 83-

76 185 198 212 mum
235 170 299 212 26
331 167 389 212 ad
432 170 581 230 Ajacis
619 176 665 216 et
702 168 874 231 Ulyssis
907 170 1026 216 redit
1062 182 1323 229 certamen,
1367 189 1507 236 quem

73 251 312 294 transitum
342 266 436 294 non
465 249 764 313 intelligentes
793 262 1084 297 correctores
1111 254 1392 315 scripserunt
1421 257 1506 302 λυ-

75 337 166 396 γρῴ
183 335 233 378 ἐν
251 332 423 386 νείκει,
463 347 662 392 quocun]
689 349 855 397 parum
882 335 1083 379 concinit
1108 338 1258 383 λάθα.
1331 337 1509 381 Etenim

74 411 111 455 si
139 411 239 472 quis
267 413 405 455 causat
431 412 575 469 cadit,
610 430 702 458 non
730 415 878 459 statim
909 415 954 459 in
981 414 1268 461 oblivionem
1300 417 1397 479 ejus
1425 434 1510 463 ve-

73 491 201 535 niunt
235 489 460 538 homines.
556 494 778 539 Formam
810 504 948 561 γῇρος,
983 494 1143 541 laudat
1174 512 1278 542 cum
1314 505 1432 553 κῶος
1464 510 1510 545 et

73 569 195 627 ὕδος
227 571 516 618 Herodianus
548 572 678 638 apud
707 572 863 619 Schol.
896 573 980 619 Od.
1012 577 1052 634 ζ.
1086 578 1196 623 227.
1265 579 1511 640 Frequens

76 662 143 696 est
182 651 311 716 apud
344 655 603 699 Homerum
646 659 828 718 λυγρὸν
862 663 1020 721 γῆρας.
1092 655 1146 701 cf.
1177 656 1226 703 ΙΙ.
1257 678 1287 705 ι.
1326 659 1434 705 153.
1467 681 1506 708 κ.

75 734 149 777 79.
189 754 235 780 0.
260 735 370 777 434.
407 743 454 793 ψ.
483 736 592 778 644.
627 733 710 778 od.
736 756 781 782 ω,
811 735 921 780 250.

173 813 249 857 29.
302 816 689 875 πολεμιζόμενοι
729 814 1038 870 retinendum,
1091 833 1184 862 non
1220 834 1273 863 ea
1320 818 1510 880 quidem

75 891 432 956 significatione,
468 911 609 956 quam
637 893 887 940 scholiasta
913 910 1013 940 esse
1037 898 1213 952 statuit,
1248 899 1512 944 Dissenius-

77 991 167 1037 que
197 974 441 1035 probavit:
481 978 861 1036 πολεμιζόμενοι
890 981 1004 1024 ἀντὶ
1036 985 1133 1023 τοῦ
1159 981 1510 1039 πολεμίζοντες

77 1063 392 1123 ἐνεργητικοῦ
414 1054 496 1104 καὶ
518 1057 868 1111 διακονοῦντες
904 1055 1050 1119 (quod
1065 1056 1328 1104 Boeckhius
1345 1076 1512 1105 emen-

78 1135 223 1182 dabat
260 1136 514 1182 scribendo
554 1140 930 1200 πελεμιζόμενοι
956 1138 1006 1187 δὲ
1041 1143 1158 1186 ἀντὶ
1187 1147 1285 1188 τοῦ
1316 1144 1511 1203 πελεμί-

77 1219 242 1275 ζοντες
280 1223 599 1283 ἑνεργητικοῦ
637 1223 717 1266 καὶ
761 1219 1152 1280 διακινοῦντες),
1200 1218 1285 1266 sed
1319 1231 1367 1266 ut
1400 1223 1514 1266 Ari-

75 1295 284 1342 starchus
315 1297 549 1360 explicuit:
586 1303 801 1360 ἀνόμοια
827 1304 1094 1363 πλήγματα
1123 1310 1229 1355 τοῖς
1257 1305 1511 1362 πολεμίοις

77 1379 106 1424 ὅ
141 1397 195 1425 τε
220 1378 494 1432 Ὀδυσσεὺς
528 1383 610 1425 καὶ
647 1384 671 1425 ὁ
703 1380 821 1432 Αἴας
861 1381 1100 1438 (omissum
1134 1383 1398 1447 ε’νήραξαν,
1438 1380 1514 1427 vel

75 1458 226 1504 simile
260 1458 473 1519 verbum)
523 1462 621 1507 ὑπὸ
664 1461 1032 1525 ἀλεξιμβρότου
1072 1465 1255 1524 λόγχης
1299 1467 1513 1509 κινού-

78 1559 271 1601 μενοι.
343 1538 636 1585 Wakefieldii
663 1541 913 1597 conectit),
947 1544 1326 1602 πελεμιζόμενοι
1356 1558 1514 1604 prop-—

79 1630 204 1665 terea
240 1618 477 1682 displicet,
537 1621 642 1681 quia
678 1621 721 1664 in
755 1621 1013 1666 Homericis
1046 1619 1160 1665 locis
1193 1619 1284 1666 hoc
1315 1621 1513 1668 verbum

78 1702 266 1762 passivo
292 1716 463 1762 genere
491 1687 647 1745 solum
673 1699 732 1745 de
762 1699 1036 1745 cedentibus
1065 1711 1331 1762 usurpatur,
1372 1701 1514 1764 fugae

79 1790 239 1826 autem
270 1782 442 1826 mentio
475 1796 500 1824 a
530 1790 689 1826 nostro
719 1779 828 1826 loco
860 1780 1007 1826 aliena
1040 1791 1131 1839 est3
1183 1791 1390 1828 ceterum
1423 1801 1513 1830 πο·

79 1862 393 1922 λεμιξόμενοι
427 1860 533 1906 satis
558 1858 823 1905 defenditur
848 1860 957 1906 loco
984 1863 1183 1923 Oppiani
1221 1863 1278 1907 K.
1305 1864 1371 1909 111.
1400 1864 1513 1909 229.

80 1941 221 1989 παιδὶ
251 1945 416 2008 λυγρῷ
443 1943 813 2004 πολεμιζομένῳ
851 1948 1006 2006 μήτηρ
1037 1946 1290 2003 ἑπαμύνει.
1369 1942 1515 2001 Quod

81 2019 264 2066 additur
294 2025 376 2070 ὑπ’
405 2024 740 2087 ἀλεξιμβρότῳ
768 2025 959 2087 λόγχᾳ,
1005 2022 1065 2067 ad
1101 2024 1307 2069 Graecos
1343 2022 1514 2069 heroes

81 2112 284 2164 spectat,
329 2103 698 2162 constructione,
734 2101 921 2165 qualem
942 2098 1098 2149 habes
1127 2106 1180 2150 Ο.
1210 2105 1293 2161 Vl,
1323 2105 1399 2149 35.
1433 2107 1517 2152 ὑπ’

82 2186 354 2233 Ἀπόλλωνι
385 2189 613 2246 γλυκείας
642 2192 839 2252 πρῶτον
872 2185 1052 2247 ἔψαυσ’
1081 2182 1409 2252 Ἀφροδίτας,
1473 2194 1517 2230 et

84 2265 135 2308 N.
162 2264 260 2320 Vll,
287 2265 366 2311 84.
405 2269 606 2327 λέγοντι
631 2272 722 2329 γὰρ
751 2270 932 2315 Αἰακόν
954 2285 1031 2314 νιν
1058 2270 1154 2314 ὑπὸ
1180 2266 1515 2333 ματροδόκοις

83 2351 254 2404 γοναῖς
278 2351 552 2409 φυτεῦσαι.

181 2426 260 2470 48.
310 2425 453 2473 ἕκατι
479 2425 641 2474 ποδῶν
669 2433 925 2489 εὐωνύμων
954 2427 1028 2480 δὶς
1055 2425 1110 2482 δὴ
1142 2426 1298 2476 δυοῖν.
1383 2429 1518 2486 Qua-

83 2515 186 2550 tuor
212 2504 444 2567 gloriosos
471 2504 616 2567 pedes
641 2520 740 2551 esse
764 2504 872 2551 dicit
899 2507 1160 2562 Dissenius,
1197 2521 1396 2568 quorum
1422 2505 1518 2552 duo

17 2621 24 2635 ,
82 2583 284 2642 Dinidis,
320 2583 416 2630 duo
440 2586 606 2648 Megae
634 2587 741 2642 sint,
777 2601 951 2648 negans
971 2584 1097 2632 idem
1119 2588 1181 2645 (in
1203 2585 1274 2632 ed.
1293 2584 1516 2646 Boeckh.)
