<?xml version="1.0" encoding="UTF-8"?>
<!DOCTYPE html PUBLIC "-//W3C//DTD XHTML 1.0 Transitional//EN"
    "http://www.w3.org/TR/xhtml1/DTD/xhtml1-transitional.dtd">
<html xmlns="http://www.w3.org/1999/xhtml" xml:lang="en" lang="en">
 <head>
  <title>
</title>
<meta http-equiv="Content-Type" content="text/html;charset=utf-8" />
  <meta name='ocr-system' content='tesseract 3.04.00' />
  <meta name='ocr-capabilities' content='ocr_page ocr_carea ocr_par ocr_line ocrx_word'/>
</head>
<body>
  <div class='ocr_page' id='page_1' title='image "./lectionespindari00kaysuoft_0091.png"; bbox 0 0 1726 2912; ppageno 0'>
   <div class='ocr_carea' id='block_1_1' title="bbox 1456 27 1515 72">
    <p class='ocr_par' dir='ltr' id='par_1_1' title="bbox 1456 27 1515 72">
     <span class='ocr_line' id='line_1_1' title="bbox 1456 27 1515 72; baseline 0.017 -1"><span class='ocrx_word' id='word_1_1' title='bbox 1456 27 1515 72; x_wconf 79' lang='lat'>81</span> 
     </span>
    </p>
   </div>
   <div class='ocr_carea' id='block_1_2' title="bbox 72 159 1518 1268">
    <p class='ocr_par' dir='ltr' id='par_1_2' title="bbox 0 159 1518 1268">
     <span class='ocr_line' id='line_1_2' title="bbox 77 159 1518 225; baseline -0.001 -18"><span class='ocrx_word' id='word_1_2' title='bbox 77 164 142 208; x_wconf 88' lang='grc' dir='ltr'>τὰ</span> <span class='ocrx_word' id='word_1_3' title='bbox 175 161 322 224; x_wconf 72' lang='grc' dir='ltr'><em>τρία,</em></span> <span class='ocrx_word' id='word_1_4' title='bbox 359 159 522 204; x_wconf 86' lang='lat' dir='ltr'>saltum</span> <span class='ocrx_word' id='word_1_5' title='bbox 559 161 644 218; x_wconf 85' lang='grc' dir='ltr'>(τὸ</span> <span class='ocrx_word' id='word_1_6' title='bbox 673 161 1021 225; x_wconf 74' lang='grc' dir='ltr'><em>χαλεπώτερον</em></span> <span class='ocrx_word' id='word_1_7' title='bbox 1053 165 1150 206; x_wconf 76' lang='grc' dir='ltr'>τῶν</span> <span class='ocrx_word' id='word_1_8' title='bbox 1185 162 1235 206; x_wconf 83' lang='grc' dir='ltr'>ἐν</span> <span class='ocrx_word' id='word_1_9' title='bbox 1266 164 1336 221; x_wconf 76' lang='grc' dir='ltr'>τῷ</span> <span class='ocrx_word' id='word_1_10' title='bbox 1366 161 1518 221; x_wconf 76' lang='grc' dir='ltr'><em>ἀγῶνι</em></span> 
     </span>
     <span class='ocr_line' id='line_1_3' title="bbox 76 236 1516 300; baseline -0.001 -15"><span class='ocrx_word' id='word_1_11' title='bbox 76 239 187 285; x_wconf 85' lang='lat' dir='ltr'>dicit</span> <span class='ocrx_word' id='word_1_12' title='bbox 213 239 430 286; x_wconf 85' lang='lat' dir='ltr'>Philostr.</span> <span class='ocrx_word' id='word_1_13' title='bbox 462 239 491 286; x_wconf 88' lang='lat' dir='ltr'>l.</span> <span class='ocrx_word' id='word_1_14' title='bbox 521 256 560 285; x_wconf 91' lang='lat' dir='ltr'>c.</span> <span class='ocrx_word' id='word_1_15' title='bbox 594 242 680 296; x_wconf 84' lang='lat'>16,</span> <span class='ocrx_word' id='word_1_16' title='bbox 710 241 836 298; x_wconf 90' lang='lat'>10.)‚</span> <span class='ocrx_word' id='word_1_17' title='bbox 875 254 1089 298; x_wconf 87' lang='lat' dir='ltr'>cursum,</span> <span class='ocrx_word' id='word_1_18' title='bbox 1126 236 1322 295; x_wconf 86' lang='lat' dir='ltr'>luctam,</span> <span class='ocrx_word' id='word_1_19' title='bbox 1369 254 1516 300; x_wconf 91' lang='lat' dir='ltr'>quare</span> 
     </span>
     <span class='ocr_line' id='line_1_4' title="bbox 77 317 1511 381; baseline -0.001 -17"><span class='ocrx_word' id='word_1_20' title='bbox 77 336 169 366; x_wconf 91' lang='lat' dir='ltr'>non</span> <span class='ocrx_word' id='word_1_21' title='bbox 194 321 341 381; x_wconf 86' lang='lat' dir='ltr'>potuit</span> <span class='ocrx_word' id='word_1_22' title='bbox 368 319 567 365; x_wconf 86' lang='lat' dir='ltr'>faciliori</span> <span class='ocrx_word' id='word_1_23' title='bbox 597 319 844 365; x_wconf 87' lang='lat' dir='ltr'>certamine</span> <span class='ocrx_word' id='word_1_24' title='bbox 876 319 1128 381; x_wconf 86' lang='lat' dir='ltr'>quisquam</span> <span class='ocrx_word' id='word_1_25' title='bbox 1157 317 1454 364; x_wconf 86' lang='lat' dir='ltr'>adversarios</span> <span class='ocrx_word' id='word_1_26' title='bbox 1486 333 1511 363; x_wconf 89' lang='lat' dir='ltr'>a</span> 
     </span>
     <span class='ocr_line' id='line_1_5' title="bbox 76 397 1516 463; baseline -0.001 -19"><span class='ocrx_word' id='word_1_27' title='bbox 76 399 325 445; x_wconf 86' lang='lat' dir='ltr'>difficiliori</span> <span class='ocrx_word' id='word_1_28' title='bbox 352 399 636 455; x_wconf 74' lang='lat' dir='ltr'>absterrere,</span> <span class='ocrx_word' id='word_1_29' title='bbox 677 399 882 461; x_wconf 87' lang='lat' dir='ltr'>denique</span> <span class='ocrx_word' id='word_1_30' title='bbox 907 397 984 443; x_wconf 86' lang='lat' dir='ltr'>illa</span> <span class='ocrx_word' id='word_1_31' title='bbox 1010 400 1302 463; x_wconf 78' lang='lat' dir='ltr'>comparatio</span> <span class='ocrx_word' id='word_1_32' title='bbox 1331 397 1516 461; x_wconf 85' lang='lat' dir='ltr'>linguae</span> 
     </span>
     <span class='ocr_line' id='line_1_6' title="bbox 73 478 1513 544; baseline 0.001 -20"><span class='ocrx_word' id='word_1_33' title='bbox 73 481 308 542; x_wconf 82' lang='lat' dir='ltr'>praepetis</span> <span class='ocrx_word' id='word_1_34' title='bbox 348 496 457 525; x_wconf 91' lang='lat' dir='ltr'>cum</span> <span class='ocrx_word' id='word_1_35' title='bbox 489 479 650 542; x_wconf 84' lang='lat' dir='ltr'>jaculo</span> <span class='ocrx_word' id='word_1_36' title='bbox 697 478 757 524; x_wconf 81' lang='lat' dir='ltr'>ad</span> <span class='ocrx_word' id='word_1_37' title='bbox 789 481 1019 540; x_wconf 79' lang='lat' dir='ltr'>Sogenem</span> <span class='ocrx_word' id='word_1_38' title='bbox 1064 479 1254 524; x_wconf 86' lang='lat' dir='ltr'>minime</span> <span class='ocrx_word' id='word_1_39' title='bbox 1302 480 1513 544; x_wconf 84' lang='lat' dir='ltr'>pertinet.</span> 
     </span>
     <span class='ocr_line' id='line_1_7' title="bbox 74 559 1516 626; baseline 0 -21"><span class='ocrx_word' id='word_1_40' title='bbox 74 559 386 607; x_wconf 87' lang='lat' dir='ltr'>Referendam</span> <span class='ocrx_word' id='word_1_41' title='bbox 408 576 509 607; x_wconf 89' lang='lat' dir='ltr'>esse</span> <span class='ocrx_word' id='word_1_42' title='bbox 536 560 597 605; x_wconf 85' lang='lat' dir='ltr'>ad</span> <span class='ocrx_word' id='word_1_43' title='bbox 624 565 933 626; x_wconf 79' lang='grc' dir='ltr'><em>παρέκβασιν</em></span> <span class='ocrx_word' id='word_1_44' title='bbox 960 559 1019 606; x_wconf 89' lang='lat' dir='ltr'>de</span> <span class='ocrx_word' id='word_1_45' title='bbox 1040 559 1353 625; x_wconf 87' lang='lat' dir='ltr'>Neoptolemo</span> <span class='ocrx_word' id='word_1_46' title='bbox 1376 559 1516 606; x_wconf 91' lang='lat' dir='ltr'>intel-</span> 
     </span>
     <span class='ocr_line' id='line_1_8' title="bbox 72 640 1516 709; baseline 0.003 -24"><span class='ocrx_word' id='word_1_47' title='bbox 72 640 234 703; x_wconf 80' lang='lat' dir='ltr'>ligitur</span> <span class='ocrx_word' id='word_1_48' title='bbox 260 644 397 687; x_wconf 86' lang='lat' dir='ltr'>etiam</span> <span class='ocrx_word' id='word_1_49' title='bbox 426 659 482 688; x_wconf 89' lang='lat' dir='ltr'>ex</span> <span class='ocrx_word' id='word_1_50' title='bbox 510 656 643 703; x_wconf 89' lang='lat' dir='ltr'>seqq.</span> <span class='ocrx_word' id='word_1_51' title='bbox 674 643 717 689; x_wconf 68' lang='grc' dir='ltr'>εἴ</span> <span class='ocrx_word' id='word_1_52' title='bbox 742 662 793 690; x_wconf 84' lang='grc' dir='ltr'>τι</span> <span class='ocrx_word' id='word_1_53' title='bbox 822 649 975 709; x_wconf 74' lang='grc' dir='ltr'><em>πέραν</em></span> <span class='ocrx_word' id='word_1_54' title='bbox 1003 645 1194 709; x_wconf 54' lang='grc' dir='ltr'><em>ἀερθεὶς</em></span> <span class='ocrx_word' id='word_1_55' title='bbox 1218 645 1516 706; x_wconf 78' lang='grc' dir='ltr'><strong><em>ἀνέκραγον,</em></strong></span> 
     </span>
     <span class='ocr_line' id='line_1_9' title="bbox 75 720 1515 786; baseline 0 -20"><span class='ocrx_word' id='word_1_56' title='bbox 75 738 195 784; x_wconf 87' lang='lat' dir='ltr'>quae</span> <span class='ocrx_word' id='word_1_57' title='bbox 218 720 364 766; x_wconf 84' lang='lat' dir='ltr'>verba</span> <span class='ocrx_word' id='word_1_58' title='bbox 389 722 626 766; x_wconf 84' lang='lat' dir='ltr'>Dissenius</span> <span class='ocrx_word' id='word_1_59' title='bbox 651 722 799 766; x_wconf 85' lang='lat' dir='ltr'>minus</span> <span class='ocrx_word' id='word_1_60' title='bbox 821 732 1034 768; x_wconf 84' lang='lat' dir='ltr'>accurate</span> <span class='ocrx_word' id='word_1_61' title='bbox 1062 721 1312 786; x_wconf 80' lang='lat' dir='ltr'>explicavit</span> <span class='ocrx_word' id='word_1_62' title='bbox 1342 742 1361 765; x_wconf 70' lang='lat' dir='ltr'>n</span> <span class='ocrx_word' id='word_1_63' title='bbox 1379 720 1515 784; x_wconf 88' lang='lat' dir='ltr'>paul-</span> 
     </span>
     <span class='ocr_line' id='line_1_10' title="bbox 73 800 1515 865; baseline 0.001 -19"><span class='ocrx_word' id='word_1_64' title='bbox 73 800 122 846; x_wconf 90' lang='lat' dir='ltr'>lo</span> <span class='ocrx_word' id='word_1_65' title='bbox 154 800 284 846; x_wconf 85' lang='lat' dir='ltr'>altius</span> <span class='ocrx_word' id='word_1_66' title='bbox 314 801 522 847; x_wconf 81' lang='lat' dir='ltr'>elatus«.</span> <span class='ocrx_word' id='word_1_67' title='bbox 592 803 680 847; x_wconf 86' lang='lat' dir='ltr'>Per</span> <span class='ocrx_word' id='word_1_68' title='bbox 712 804 991 865; x_wconf 86' lang='lat' dir='ltr'>quinquertii</span> <span class='ocrx_word' id='word_1_69' title='bbox 1019 804 1303 848; x_wconf 86' lang='lat' dir='ltr'>mentionem</span> <span class='ocrx_word' id='word_1_70' title='bbox 1332 801 1392 847; x_wconf 85' lang='lat' dir='ltr'>ad</span> <span class='ocrx_word' id='word_1_71' title='bbox 1419 803 1515 848; x_wconf 92' lang='lat' dir='ltr'>So-</span> 
     </span>
     <span class='ocr_line' id='line_1_11' title="bbox 74 881 1512 944; baseline 0.001 -16"><span class='ocrx_word' id='word_1_72' title='bbox 74 882 204 944; x_wconf 84' lang='lat' dir='ltr'>genis</span> <span class='ocrx_word' id='word_1_73' title='bbox 231 883 473 927; x_wconf 88' lang='lat' dir='ltr'>victoriam</span> <span class='ocrx_word' id='word_1_74' title='bbox 505 882 608 927; x_wconf 88' lang='lat' dir='ltr'>facit</span> <span class='ocrx_word' id='word_1_75' title='bbox 640 884 888 927; x_wconf 80' lang='lat' dir='ltr'>transitum.</span> <span class='ocrx_word' id='word_1_76' title='bbox 972 884 1111 927; x_wconf 85' lang='lat' dir='ltr'>Recte</span> <span class='ocrx_word' id='word_1_77' title='bbox 1139 881 1419 927; x_wconf 84' lang='lat' dir='ltr'>scholiasta:</span> <span class='ocrx_word' id='word_1_78' title='bbox 1469 888 1512 931; x_wconf 84' lang='grc' dir='ltr'>εἰ</span> 
     </span>
     <span class='ocr_line' id='line_1_12' title="bbox 75 963 1511 1025; baseline 0.001 -15"><span class='ocrx_word' id='word_1_79' title='bbox 75 966 158 1010; x_wconf 85' lang='grc' dir='ltr'>καὶ</span> <span class='ocrx_word' id='word_1_80' title='bbox 190 967 417 1023; x_wconf 83' lang='grc' dir='ltr'><em>κάματος</em></span> <span class='ocrx_word' id='word_1_81' title='bbox 448 963 504 1018; x_wconf 64' lang='grc' dir='ltr'>ἦν</span> <span class='ocrx_word' id='word_1_82' title='bbox 538 968 587 1010; x_wconf 84' lang='grc' dir='ltr'>ἐν</span> <span class='ocrx_word' id='word_1_83' title='bbox 618 970 687 1024; x_wconf 78' lang='grc' dir='ltr'>τῷ</span> <span class='ocrx_word' id='word_1_84' title='bbox 717 965 1079 1025; x_wconf 56' lang='grc' dir='ltr'><em>ἀγωνίζεσθαι,</em></span> <span class='ocrx_word' id='word_1_85' title='bbox 1115 967 1250 1010; x_wconf 81' lang='grc' dir='ltr'><em>ἀλλὰ</em></span> <span class='ocrx_word' id='word_1_86' title='bbox 1280 964 1452 1024; x_wconf 75' lang='grc' dir='ltr'><em>μείζων</em></span> <span class='ocrx_word' id='word_1_87' title='bbox 1485 968 1511 1017; x_wconf 77' lang='grc' dir='ltr'><em>ἡ</em></span> 
     </span>
     <span class='ocr_line' id='line_1_13' title="bbox 73 1043 1511 1106; baseline -0.001 -16"><span class='ocrx_word' id='word_1_88' title='bbox 73 1048 124 1090; x_wconf 85' lang='grc' dir='ltr'>ἐκ</span> <span class='ocrx_word' id='word_1_89' title='bbox 147 1050 233 1099; x_wconf 80' lang='grc' dir='ltr'>τῆς</span> <span class='ocrx_word' id='word_1_90' title='bbox 255 1044 387 1099; x_wconf 78' lang='grc' dir='ltr'><em>νίκης</em></span> <span class='ocrx_word' id='word_1_91' title='bbox 412 1044 574 1099; x_wconf 79' lang='grc' dir='ltr'><em>ἡδονή.</em></span> <span class='ocrx_word' id='word_1_92' title='bbox 644 1046 776 1102; x_wconf 74' lang='lat' dir='ltr'>Quae</span> <span class='ocrx_word' id='word_1_93' title='bbox 803 1054 1076 1106; x_wconf 87' lang='lat' dir='ltr'>sequuntur,</span> <span class='ocrx_word' id='word_1_94' title='bbox 1106 1043 1218 1089; x_wconf 88' lang='lat' dir='ltr'>falsa</span> <span class='ocrx_word' id='word_1_95' title='bbox 1241 1053 1356 1090; x_wconf 91' lang='lat' dir='ltr'>sunt.</span> <span class='ocrx_word' id='word_1_96' title='bbox 1424 1045 1511 1089; x_wconf 85' lang='lat' dir='ltr'>Di-</span> 
     </span>
     <span class='ocr_line' id='line_1_14' title="bbox 75 1122 1514 1189; baseline 0.001 -21"><span class='ocrx_word' id='word_1_97' title='bbox 75 1124 133 1168; x_wconf 89' lang='lat' dir='ltr'>cit</span> <span class='ocrx_word' id='word_1_98' title='bbox 146 1122 401 1169; x_wconf 83' lang='lat' dir='ltr'>Pindarus:</span> <span class='ocrx_word' id='word_1_99' title='bbox 438 1126 475 1169; x_wconf 89' lang='lat' dir='ltr'>si</span> <span class='ocrx_word' id='word_1_100' title='bbox 500 1122 636 1169; x_wconf 83' lang='lat' dir='ltr'>valde</span> <span class='ocrx_word' id='word_1_101' title='bbox 661 1124 889 1170; x_wconf 82' lang='lat' dir='ltr'>laborasti</span> <span class='ocrx_word' id='word_1_102' title='bbox 913 1126 958 1170; x_wconf 89' lang='lat' dir='ltr'>in</span> <span class='ocrx_word' id='word_1_103' title='bbox 978 1126 1255 1181; x_wconf 86' lang='lat' dir='ltr'>certamine,</span> <span class='ocrx_word' id='word_1_104' title='bbox 1277 1123 1384 1189; x_wconf 90' lang='lat' dir='ltr'>plus</span> <span class='ocrx_word' id='word_1_105' title='bbox 1403 1123 1514 1169; x_wconf 89' lang='lat' dir='ltr'>lau-</span> 
     </span>
     <span class='ocr_line' id='line_1_15' title="bbox 74 1202 1513 1268; baseline 0.001 -19.902"><span class='ocrx_word' id='word_1_106' title='bbox 74 1202 144 1249; x_wconf 88' lang='lat' dir='ltr'>dis</span> <span class='ocrx_word' id='word_1_107' title='bbox 174 1221 200 1248; x_wconf 63' lang='grc' dir='ltr'>ιι</span> <span class='ocrx_word' id='word_1_108' title='bbox 227 1221 300 1249; x_wconf 88' lang='lat' dir='ltr'>me</span> <span class='ocrx_word' id='word_1_109' title='bbox 327 1206 653 1266; x_wconf 84' lang='lat' dir='ltr'>consequeris,</span> <span class='ocrx_word' id='word_1_110' title='bbox 701 1207 856 1267; x_wconf 85' lang='lat' dir='ltr'>itaque</span> <span class='ocrx_word' id='word_1_111' title='bbox 893 1205 989 1250; x_wconf 90' lang='lat' dir='ltr'>noli</span> <span class='ocrx_word' id='word_1_112' title='bbox 1020 1221 1161 1268; x_wconf 84' lang='lat' dir='ltr'>aegre</span> <span class='ocrx_word' id='word_1_113' title='bbox 1191 1204 1335 1261; x_wconf 87' lang='lat' dir='ltr'>ferre,</span> <span class='ocrx_word' id='word_1_114' title='bbox 1383 1203 1513 1268; x_wconf 92' lang='lat' dir='ltr'>quod</span> 
     </span>
    </p>
   </div>
   <div class='ocr_carea' id='block_1_3' title="bbox 3 1282 1509 1341">
    <p class='ocr_par' dir='ltr' id='par_1_3' title="bbox 3 1282 1509 1341">
     <span class='ocr_line' id='line_1_16' title="bbox 3 1282 1509 1341; baseline 0.001 -12"><span class='ocrx_word' id='word_1_115' title='bbox 3 1339 6 1341; x_wconf 17' lang='grc' dir='ltr'><strong><em>ι</em></strong></span> <span class='ocrx_word' id='word_1_116' title='bbox 74 1285 346 1329; x_wconf 85' lang='lat' dir='ltr'>immoratus</span> <span class='ocrx_word' id='word_1_117' title='bbox 370 1287 456 1329; x_wconf 88' lang='lat' dir='ltr'>sim</span> <span class='ocrx_word' id='word_1_118' title='bbox 481 1286 758 1330; x_wconf 84' lang='lat' dir='ltr'>excusationi</span> <span class='ocrx_word' id='word_1_119' title='bbox 785 1300 931 1330; x_wconf 87' lang='lat' dir='ltr'>meae.</span> <span class='ocrx_word' id='word_1_120' title='bbox 1002 1286 1107 1330; x_wconf 89' lang='lat' dir='ltr'>Sine</span> <span class='ocrx_word' id='word_1_121' title='bbox 1129 1301 1204 1330; x_wconf 90' lang='lat' dir='ltr'>me</span> <span class='ocrx_word' id='word_1_122' title='bbox 1229 1282 1288 1329; x_wconf 86' lang='lat' dir='ltr'>ad</span> <span class='ocrx_word' id='word_1_123' title='bbox 1313 1283 1509 1330; x_wconf 89' lang='lat' dir='ltr'>lubitum</span> 
     </span>
    </p>
   </div>
   <div class='ocr_carea' id='block_1_4' title="bbox 0 1703 32 2912">
    <p class='ocr_par' dir='ltr' id='par_1_4' title="bbox 0 1703 32 2912">
     <span class='ocr_line' id='line_1_17' title="bbox 0 1703 32 2912; baseline 0 0"><span class='ocrx_word' id='word_1_124' title='bbox 0 1703 32 2912; x_wconf 95' lang='lat' dir='ltr'> </span> 
     </span>
    </p>
   </div>
   <div class='ocr_carea' id='block_1_5' title="bbox 73 1364 1512 1588">
    <p class='ocr_par' dir='ltr' id='par_1_5' title="bbox 73 1364 1512 1588">
     <span class='ocr_line' id='line_1_18' title="bbox 76 1364 1512 1429; baseline 0 -20"><span class='ocrx_word' id='word_1_125' title='bbox 76 1381 232 1410; x_wconf 91' lang='lat' dir='ltr'>meum</span> <span class='ocrx_word' id='word_1_126' title='bbox 257 1380 422 1426; x_wconf 84' lang='lat' dir='ltr'>agere,</span> <span class='ocrx_word' id='word_1_127' title='bbox 459 1375 502 1409; x_wconf 92' lang='lat' dir='ltr'>et</span> <span class='ocrx_word' id='word_1_128' title='bbox 523 1375 737 1429; x_wconf 82' lang='lat' dir='ltr'>exspecta</span> <span class='ocrx_word' id='word_1_129' title='bbox 759 1368 1073 1428; x_wconf 76' lang='grc' dir='ltr'>(ἀναβάλεο).</span> <span class='ocrx_word' id='word_1_130' title='bbox 1142 1368 1243 1410; x_wconf 90' lang='lat' dir='ltr'>Non</span> <span class='ocrx_word' id='word_1_131' title='bbox 1265 1364 1394 1410; x_wconf 86' lang='lat' dir='ltr'>leves</span> <span class='ocrx_word' id='word_1_132' title='bbox 1419 1379 1512 1410; x_wconf 87' lang='lat' dir='ltr'>co—</span> 
     </span>
     <span class='ocr_line' id='line_1_19' title="bbox 74 1444 1511 1507; baseline 0 -17"><span class='ocrx_word' id='word_1_133' title='bbox 74 1460 210 1490; x_wconf 88' lang='lat' dir='ltr'>ronas</span> <span class='ocrx_word' id='word_1_134' title='bbox 239 1455 423 1490; x_wconf 87' lang='lat' dir='ltr'>nectam</span> <span class='ocrx_word' id='word_1_135' title='bbox 456 1444 563 1499; x_wconf 89' lang='lat' dir='ltr'>tibi,</span> <span class='ocrx_word' id='word_1_136' title='bbox 613 1444 697 1490; x_wconf 90' lang='lat' dir='ltr'>sed</span> <span class='ocrx_word' id='word_1_137' title='bbox 731 1461 894 1490; x_wconf 88' lang='lat' dir='ltr'>aurum</span> <span class='ocrx_word' id='word_1_138' title='bbox 926 1444 1273 1507; x_wconf 88' lang='lat' dir='ltr'>candidumque</span> <span class='ocrx_word' id='word_1_139' title='bbox 1308 1444 1433 1490; x_wconf 88' lang='lat' dir='ltr'>ebur</span> <span class='ocrx_word' id='word_1_140' title='bbox 1468 1455 1511 1491; x_wconf 86' lang='lat' dir='ltr'>et</span> 
     </span>
     <span class='ocr_line' id='line_1_20' title="bbox 73 1523 1398 1588; baseline 0.002 -19"><span class='ocrx_word' id='word_1_141' title='bbox 73 1523 304 1570; x_wconf 87' lang='lat' dir='ltr'>liliaceum</span> <span class='ocrx_word' id='word_1_142' title='bbox 328 1523 495 1571; x_wconf 86' lang='lat' dir='ltr'>florem</span> <span class='ocrx_word' id='word_1_143' title='bbox 520 1527 700 1571; x_wconf 87' lang='lat' dir='ltr'>marino</span> <span class='ocrx_word' id='word_1_144' title='bbox 724 1535 994 1588; x_wconf 87' lang='lat' dir='ltr'>surreptum</span> <span class='ocrx_word' id='word_1_145' title='bbox 1019 1526 1115 1570; x_wconf 88' lang='lat' dir='ltr'>rori</span> <span class='ocrx_word' id='word_1_146' title='bbox 1139 1524 1398 1587; x_wconf 82' lang='lat' dir='ltr'>glutinabO.</span> 
     </span>
    </p>
   </div>
   <div class='ocr_carea' id='block_1_6' title="bbox 728 1673 864 1720">
    <p class='ocr_par' dir='ltr' id='par_1_6' title="bbox 728 1673 864 1720">
     <span class='ocr_line' id='line_1_21' title="bbox 728 1673 864 1720; baseline 0 -2"><span class='ocrx_word' id='word_1_147' title='bbox 728 1673 864 1720; x_wconf 85' lang='lat' dir='ltr'>VIII.</span> 
     </span>
    </p>
   </div>
   <div class='ocr_carea' id='block_1_7' title="bbox 10 1768 1511 2692">
    <p class='ocr_par' dir='ltr' id='par_1_7' title="bbox 10 1768 1511 2692">
     <span class='ocr_line' id='line_1_22' title="bbox 172 1768 1510 1834; baseline 0.001 -21"><span class='ocrx_word' id='word_1_148' title='bbox 172 1768 434 1815; x_wconf 89' lang='lat' dir='ltr'>Consilium</span> <span class='ocrx_word' id='word_1_149' title='bbox 460 1768 595 1831; x_wconf 86' lang='lat' dir='ltr'>hujus</span> <span class='ocrx_word' id='word_1_150' title='bbox 618 1771 832 1816; x_wconf 87' lang='lat' dir='ltr'>carminis</span> <span class='ocrx_word' id='word_1_151' title='bbox 858 1787 883 1814; x_wconf 87' lang='lat' dir='ltr'>a</span> <span class='ocrx_word' id='word_1_152' title='bbox 904 1769 1118 1815; x_wconf 88' lang='lat' dir='ltr'>Dissenio</span> <span class='ocrx_word' id='word_1_153' title='bbox 1141 1769 1418 1834; x_wconf 86' lang='lat' dir='ltr'>explicatum</span> <span class='ocrx_word' id='word_1_154' title='bbox 1442 1778 1510 1815; x_wconf 88' lang='lat' dir='ltr'>est</span> 
     </span>
     <span class='ocr_line' id='line_1_23' title="bbox 10 1847 1511 1911; baseline 0.001 -18"><span class='ocrx_word' id='word_1_155' title='bbox 10 1880 13 1886; x_wconf 80' lang='lat'><em>-</em></span> <span class='ocrx_word' id='word_1_156' title='bbox 75 1848 304 1910; x_wconf 84' lang='lat' dir='ltr'>argutius,</span> <span class='ocrx_word' id='word_1_157' title='bbox 349 1864 493 1910; x_wconf 90' lang='lat' dir='ltr'>quum</span> <span class='ocrx_word' id='word_1_158' title='bbox 524 1859 732 1894; x_wconf 87' lang='lat' dir='ltr'>censeret</span> <span class='ocrx_word' id='word_1_159' title='bbox 764 1847 1065 1894; x_wconf 89' lang='lat' dir='ltr'>Athenienses</span> <span class='ocrx_word' id='word_1_160' title='bbox 1096 1849 1312 1911; x_wconf 85' lang='lat' dir='ltr'>castigari</span> <span class='ocrx_word' id='word_1_161' title='bbox 1345 1849 1511 1911; x_wconf 85' lang='lat' dir='ltr'>gravi-</span> 
     </span>
     <span class='ocr_line' id='line_1_24' title="bbox 10 1927 1511 1992; baseline -0.001 -17"><span class='ocrx_word' id='word_1_162' title='bbox 10 1965 15 1975; x_wconf 62' lang='lat'>„</span> <span class='ocrx_word' id='word_1_163' title='bbox 72 1927 160 1974; x_wconf 86' lang='lat' dir='ltr'>bus</span> <span class='ocrx_word' id='word_1_164' title='bbox 182 1927 271 1973; x_wconf 90' lang='lat' dir='ltr'>illis</span> <span class='ocrx_word' id='word_1_165' title='bbox 294 1929 495 1975; x_wconf 85' lang='lat' dir='ltr'>invidiae</span> <span class='ocrx_word' id='word_1_166' title='bbox 515 1929 961 1992; x_wconf 88' lang='lat' dir='ltr'>reprehensionibus</span> <span class='ocrx_word' id='word_1_167' title='bbox 976 1964 988 1986; x_wconf 85' lang='lat'>‚</span> <span class='ocrx_word' id='word_1_168' title='bbox 1022 1931 1178 1992; x_wconf 87' lang='lat' dir='ltr'>itaque</span> <span class='ocrx_word' id='word_1_169' title='bbox 1202 1932 1358 1975; x_wconf 85' lang='lat' dir='ltr'>Aeaco</span> <span class='ocrx_word' id='word_1_170' title='bbox 1385 1944 1511 1991; x_wconf 90' lang='lat' dir='ltr'>sup-</span> 
     </span>
     <span class='ocr_line' id='line_1_25' title="bbox 73 2007 1509 2071; baseline 0 -19"><span class='ocrx_word' id='word_1_171' title='bbox 73 2007 236 2070; x_wconf 86' lang='lat' dir='ltr'>plicari</span> <span class='ocrx_word' id='word_1_172' title='bbox 277 2025 365 2071; x_wconf 93' lang='lat' dir='ltr'>pro</span> <span class='ocrx_word' id='word_1_173' title='bbox 403 2010 551 2056; x_wconf 85' lang='lat' dir='ltr'>salute</span> <span class='ocrx_word' id='word_1_174' title='bbox 591 2010 724 2055; x_wconf 90' lang='lat' dir='ltr'>urbis</span> <span class='ocrx_word' id='word_1_175' title='bbox 770 2020 812 2055; x_wconf 90' lang='lat' dir='ltr'>et</span> <span class='ocrx_word' id='word_1_176' title='bbox 856 2011 1032 2055; x_wconf 87' lang='lat' dir='ltr'>civium</span> <span class='ocrx_word' id='word_1_177' title='bbox 1073 2010 1300 2055; x_wconf 84' lang='lat' dir='ltr'>inveniret</span> <span class='ocrx_word' id='word_1_178' title='bbox 1340 2007 1420 2054; x_wconf 85' lang='lat' dir='ltr'>ille</span> <span class='ocrx_word' id='word_1_179' title='bbox 1462 2008 1509 2052; x_wconf 90' lang='lat' dir='ltr'>in</span> 
     </span>
     <span class='ocr_line' id='line_1_26' title="bbox 72 2088 1508 2152; baseline 0.003 -19"><span class='ocrx_word' id='word_1_180' title='bbox 72 2088 230 2134; x_wconf 86' lang='lat' dir='ltr'>verbis</span> <span class='ocrx_word' id='word_1_181' title='bbox 257 2092 425 2135; x_wconf 84' lang='lat' dir='ltr'>vs.12:</span> <span class='ocrx_word' id='word_1_182' title='bbox 465 2096 631 2145; x_wconf 81' lang='grc' dir='ltr'><strong><em>ἱκέτας</em></strong></span> <span class='ocrx_word' id='word_1_183' title='bbox 655 2096 846 2139; x_wconf 82' lang='grc' dir='ltr'>Αἰακοῦ</span> <span class='ocrx_word' id='word_1_184' title='bbox 871 2098 1060 2151; x_wconf 78' lang='grc' dir='ltr'><em>σεμνῶν</em></span> <span class='ocrx_word' id='word_1_185' title='bbox 1090 2095 1310 2152; x_wconf 73' lang='grc' dir='ltr'><em>γονάτων</em></span> <span class='ocrx_word' id='word_1_186' title='bbox 1336 2092 1508 2143; x_wconf 84' lang='grc' dir='ltr'><em>πόλιός</em></span> 
     </span>
     <span class='ocr_line' id='line_1_27' title="bbox 14 2171 1510 2240; baseline 0.001 -25"><span class='ocrx_word' id='word_1_187' title='bbox 14 2184 17 2191; x_wconf 91' lang='grc'><strong><em>·</em></strong></span> <span class='ocrx_word' id='word_1_188' title='bbox 73 2171 123 2215; x_wconf 60' lang='grc' dir='ltr'>θ’</span> <span class='ocrx_word' id='word_1_189' title='bbox 145 2175 266 2236; x_wconf 79' lang='grc' dir='ltr'><strong><em>ὑπὲρ</em></strong></span> <span class='ocrx_word' id='word_1_190' title='bbox 292 2173 448 2234; x_wconf 76' lang='grc' dir='ltr'><em>φίλας</em></span> <span class='ocrx_word' id='word_1_191' title='bbox 473 2176 641 2221; x_wconf 79' lang='grc' dir='ltr'><em>ἀστῶν</em></span> <span class='ocrx_word' id='word_1_192' title='bbox 668 2178 790 2239; x_wconf 75' lang='grc' dir='ltr'><strong><em>ὑπὲρ</em></strong></span> <span class='ocrx_word' id='word_1_193' title='bbox 811 2171 954 2221; x_wconf 77' lang='grc' dir='ltr'><em>τῶνδ’</em></span> <span class='ocrx_word' id='word_1_194' title='bbox 978 2174 1210 2232; x_wconf 80' lang='grc' dir='ltr'><em>ἅπτομαι</em></span> <span class='ocrx_word' id='word_1_195' title='bbox 1232 2173 1391 2240; x_wconf 71' lang='grc' dir='ltr'><em>φέρων</em></span> <span class='ocrx_word' id='word_1_196' title='bbox 1412 2174 1510 2218; x_wconf 86' lang='lat' dir='ltr'>Av-</span> 
     </span>
     <span class='ocr_line' id='line_1_28' title="bbox 74 2242 1508 2319; baseline 0.003 -25"><span class='ocrx_word' id='word_1_197' title='bbox 74 2246 186 2296; x_wconf 83' lang='grc' dir='ltr'><em>δίαν</em></span> <span class='ocrx_word' id='word_1_198' title='bbox 217 2252 398 2316; x_wconf 78' lang='grc' dir='ltr'><em>μίτραν</em></span> <span class='ocrx_word' id='word_1_199' title='bbox 437 2253 697 2319; x_wconf 79' lang='grc' dir='ltr'><em>καναχηδὰ</em></span> <span class='ocrx_word' id='word_1_200' title='bbox 738 2242 1132 2313; x_wconf 56' lang='grc' dir='ltr'><em>πεποικιλμέναν</em></span> <span class='ocrx_word' id='word_1_201' title='bbox 1169 2254 1360 2304; x_wconf 83' lang='grc' dir='ltr'><em>Δείνιος</em></span> <span class='ocrx_word' id='word_1_202' title='bbox 1398 2248 1508 2298; x_wconf 82' lang='grc' dir='ltr'><em>δισ-</em></span> 
     </span>
     <span class='ocr_line' id='line_1_29' title="bbox 17 2328 1506 2400; baseline 0 -23"><span class='ocrx_word' id='word_1_203' title='bbox 17 2392 20 2395; x_wconf 80' lang='lat'>.</span> <span class='ocrx_word' id='word_1_204' title='bbox 73 2335 174 2377; x_wconf 77' lang='grc' dir='ltr'>σῶν</span> <span class='ocrx_word' id='word_1_205' title='bbox 207 2328 425 2379; x_wconf 84' lang='grc' dir='ltr'><em>σταδίων</em></span> <span class='ocrx_word' id='word_1_206' title='bbox 465 2336 547 2380; x_wconf 78' lang='grc' dir='ltr'>καὶ</span> <span class='ocrx_word' id='word_1_207' title='bbox 582 2337 773 2400; x_wconf 76' lang='grc' dir='ltr'><em>πατρὸς</em></span> <span class='ocrx_word' id='word_1_208' title='bbox 812 2338 953 2395; x_wconf 82' lang='grc' dir='ltr'><em>Μέγα</em></span> <span class='ocrx_word' id='word_1_209' title='bbox 991 2339 1238 2392; x_wconf 87' lang='grc' dir='ltr'><em>Νεμεαῖον</em></span> <span class='ocrx_word' id='word_1_210' title='bbox 1283 2332 1506 2392; x_wconf 72' lang='grc' dir='ltr'><em>ἄγαλμα.</em></span> 
     </span>
     <span class='ocr_line' id='line_1_30' title="bbox 18 2408 1507 2474; baseline 0 -20"><span class='ocrx_word' id='word_1_211' title='bbox 18 2423 21 2464; x_wconf 64' lang='lat'><em>3</em></span> <span class='ocrx_word' id='word_1_212' title='bbox 73 2408 195 2469; x_wconf 91' lang='lat' dir='ltr'>Quid</span> <span class='ocrx_word' id='word_1_213' title='bbox 218 2420 372 2454; x_wconf 87' lang='lat' dir='ltr'>tamen</span> <span class='ocrx_word' id='word_1_214' title='bbox 395 2411 573 2468; x_wconf 85' lang='lat' dir='ltr'>obstat,</span> <span class='ocrx_word' id='word_1_215' title='bbox 609 2415 859 2474; x_wconf 86' lang='lat' dir='ltr'>quominus</span> <span class='ocrx_word' id='word_1_216' title='bbox 885 2410 1002 2457; x_wconf 86' lang='lat' dir='ltr'>haec</span> <span class='ocrx_word' id='word_1_217' title='bbox 1027 2410 1171 2457; x_wconf 86' lang='lat' dir='ltr'>verba</span> <span class='ocrx_word' id='word_1_218' title='bbox 1200 2408 1507 2472; x_wconf 76' lang='lat' dir='ltr'>inteIIIgamus</span> 
     </span>
     <span class='ocr_line' id='line_1_31' title="bbox 19 2486 1508 2555; baseline 0.001 -22"><span class='ocrx_word' id='word_1_219' title='bbox 19 2491 22 2523; x_wconf 57' lang='lat'>*-</span> <span class='ocrx_word' id='word_1_220' title='bbox 73 2486 132 2534; x_wconf 92' lang='lat' dir='ltr'>de</span> <span class='ocrx_word' id='word_1_221' title='bbox 160 2488 377 2536; x_wconf 83' lang='lat' dir='ltr'>mandato</span> <span class='ocrx_word' id='word_1_222' title='bbox 404 2491 533 2538; x_wconf 86' lang='lat' dir='ltr'>urbis</span> <span class='ocrx_word' id='word_1_223' title='bbox 561 2491 804 2555; x_wconf 81' lang='lat' dir='ltr'>hospitalis</span> <span class='ocrx_word' id='word_1_224' title='bbox 832 2503 875 2539; x_wconf 90' lang='lat' dir='ltr'>et</span> <span class='ocrx_word' id='word_1_225' title='bbox 901 2493 1094 2549; x_wconf 82' lang='lat' dir='ltr'>civium,</span> <span class='ocrx_word' id='word_1_226' title='bbox 1131 2502 1176 2537; x_wconf 88' lang='lat' dir='ltr'>ut</span> <span class='ocrx_word' id='word_1_227' title='bbox 1202 2493 1302 2554; x_wconf 90' lang='lat' dir='ltr'>ipse</span> <span class='ocrx_word' id='word_1_228' title='bbox 1329 2491 1508 2553; x_wconf 87' lang='lat' dir='ltr'>accepit</span> 
     </span>
     <span class='ocr_line' id='line_1_32' title="bbox 20 2570 1507 2639; baseline 0.003 -26"><span class='ocrx_word' id='word_1_229' title='bbox 20 2589 23 2630; x_wconf 44' lang='grc' dir='ltr'><strong>ἢ</strong></span> <span class='ocrx_word' id='word_1_230' title='bbox 70 2570 120 2615; x_wconf 89' lang='grc' dir='ltr'>Ρ.</span> <span class='ocrx_word' id='word_1_231' title='bbox 153 2571 196 2627; x_wconf 93' lang='lat' dir='ltr'>I,</span> <span class='ocrx_word' id='word_1_232' title='bbox 228 2571 306 2616; x_wconf 82' lang='lat'>32.</span> <span class='ocrx_word' id='word_1_233' title='bbox 355 2570 616 2626; x_wconf 61' lang='lat' dir='ltr'>l&#39;letoOEoc</span> <span class='ocrx_word' id='word_1_234' title='bbox 656 2573 698 2620; x_wconf 81' lang='grc' dir='ltr'>δ’</span> <span class='ocrx_word' id='word_1_235' title='bbox 735 2579 784 2624; x_wconf 83' lang='grc' dir='ltr'>ἐν</span> <span class='ocrx_word' id='word_1_236' title='bbox 820 2572 980 2638; x_wconf 78' lang='grc' dir='ltr'><em>δρόμῳ</em></span> <span class='ocrx_word' id='word_1_237' title='bbox 1016 2573 1168 2639; x_wconf 77' lang='grc' dir='ltr'><em>κάρυξ</em></span> <span class='ocrx_word' id='word_1_238' title='bbox 1204 2576 1398 2621; x_wconf 85' lang='grc' dir='ltr'><em>ἀνέειπέ</em></span> <span class='ocrx_word' id='word_1_239' title='bbox 1429 2589 1507 2619; x_wconf 85' lang='grc' dir='ltr'>νιν</span> 
     </span>
     <span class='ocr_line' id='line_1_33' title="bbox 1084 2650 1114 2692; baseline 0 0"><span class='ocrx_word' id='word_1_240' title='bbox 1084 2650 1114 2692; x_wconf 85' lang='grc'><strong>6</strong></span> 
     </span>
    </p>
   </div>
  </div>
 </body>
</html>
