1726 2912
170 65 233 109 86

173 202 218 237 et
256 189 504 236 navalibus
542 191 724 251 pugnis.
804 187 1002 234 Videtur
1042 190 1104 236 ἀν
1150 203 1252 235 esse
1297 194 1604 255 praepositio.

175 270 293 318 conf.
325 272 361 318 Ι.
398 271 485 326 IV,
517 272 595 316 23.
633 280 678 315 et
705 271 840 341 Hom.
866 269 917 315 Il.
953 287 991 315 v,
1021 271 1129 314 239.

860 414 922 461 X.

272 528 317 558 ε).
368 516 534 560 πολλὰ
575 512 615 559 δ’
661 517 887 576 Αἰγύπτῳ
935 515 1249 574 κατςόκισὲεν
1288 512 1421 566 οἴστη
1468 511 1607 574 vulgo

172 593 356 656 legitur.
436 591 578 638 Aliud
615 593 855 654 scripsisse
895 593 1145 638 Pindarum
1186 590 1432 638 scholiasta
1472 592 1609 638 docet

173 673 463 736 periphrasi:
514 677 679 722 πολλὰ
712 672 754 720 δ’
788 675 848 722 οἶν
880 675 950 730 εἴη
981 679 1165 736 λέγειν,
1204 675 1332 728 ὅπως
1363 679 1411 721 ἐν
1442 682 1500 737 τῇ
1532 676 1608 721 Aio

173 761 342 819 γύπτῳ
380 757 765 817 κατῳκίσθησαν
809 755 940 811 οἶστη
981 759 1078 804 ὑπὸ
1117 762 1215 802 τῶν
1254 763 1349 801 τοῦ
1379 758 1608 822 Ἐπάφου

174 843 364 903 χειρῶν.
444 836 588 897 Igitur
618 837 719 882 ὄπα
748 853 857 881 cum
889 834 1128 880 Boeckhio
1161 846 1203 879 et
1229 837 1495 881 Hert-nanno
1528 854 1611 882 re-

175 916 473 979 ponendum,
511 921 703 964 verbum
732 929 905 975 autem,
941 917 1067 980 quod
1092 935 1181 983 pro
1219 921 1610 982 κατῳκίσθησαν

175 998 442 1058 requiritur,
479 1013 571 1042 non
598 1002 841 1043 succurrit:
877 998 1009 1043 fuerit
1032 998 1105 1043 vel
1130 1001 1373 1063 passivum
1399 998 1474 1044 vel
1497 1015 1614 1044 neu-

176 1087 321 1132 trum,
355 1093 461 1122 nam
484 1078 632 1140 qi'mcrs
656 1078 841 1124 dedisse
868 1090 1083 1143 poetam,
1121 1086 1348 1143 ut'ssxpyog
1380 1079 1613 1142 intelliga—

178 1168 270 1216 tur,
302 1160 588 1205 concinnitas
619 1159 756 1221 hujus
784 1160 874 1205 loci
899 1160 1092 1206 credere
1118 1175 1202 1205 nos
1229 1170 1351 1205 vetat

275 1241 316 1285 9.
353 1244 595 1302 πολέμοιο
613 1247 777 1308 νέφος.
818 1243 917 1286 Hoc
931 1251 1017 1286 est:
1045 1242 1224 1303 Jupiter
1240 1257 1344 1286 eum
1362 1240 1616 1303 fugientem

180 1322 402 1378 servavit,
439 1323 575 1386 rupta
598 1320 789 1367 fulmine
819 1324 965 1367 terrai:
1012 1321 1067 1367 cf.
1094 1324 1136 1365 P.
1169 1325 1234 1377 X,
1266 1323 1356 1378 52,
1388 1321 1468 1366 ubi
1493 1321 1615 1366 dici-

180 1412 251 1447 tur
282 1404 472 1465 ἄγκυρα
498 1417 598 1447 esse
623 1406 752 1450 ἀλκὰ
779 1408 961 1467 πέτρας
987 1401 1239 1468 χοιράδος.

276 1486 351 1528 13.
407 1488 430 1531 ὁ
467 1481 506 1529 δ’
539 1484 670 1546 ὄλβῳ
705 1487 955 1550 φέρτατος
996 1484 1118 1530 ἵκετ’
1155 1489 1197 1537 ἐς
1236 1485 1399 1531 κείνου
1434 1487 1616 1545 γενεάν.

178 1566 297 1610 Num
324 1564 441 1610 ἵκετ’
469 1561 529 1608 ad
553 1561 941 1625 Amphitryonem
966 1563 1171 1608 referes?
1214 1580 1307 1608 non
1334 1574 1489 1626 potest
1517 1563 1618 1620 ille,

181 1645 258 1707 qui
282 1661 372 1688 non
400 1643 478 1689 fuit
503 1646 599 1705 ejus
628 1643 700 1690 dei
727 1644 864 1698 filius,
899 1646 942 1689 in
966 1646 1094 1690 Jovis
1122 1661 1265 1703 genus
1291 1646 1494 1691 intrasse.
1550 1649 1618 1689 An

181 1723 243 1770 ad
263 1725 461 1769 Jovem?
495 1726 695 1789 ineptius
718 1727 853 1770 etiam
876 1742 1109 1770 summum
1138 1724 1276 1770 deum
1302 1727 1345 1770 in
1368 1723 1616 1770 humanam

180 1804 405 1851 familiam
433 1803 638 1851 induces,
710 1805 864 1851 Verba
889 1806 1067 1852 fuerunt
1089 1807 1185 1868 jam
1215 1805 1493 1852 scholiastae
1520 1806 1620 1852 ob·-

180 1901 342 1943 scum,
376 1885 621 1933 scribenti:
676 1892 1031 1949 κοινωσάμενος
1063 1894 1132 1949 τῷ
1162 1891 1499 1955 Ἀμφιτρύωνι
1530 1892 1620 1942 τὴν

182 1972 350 2030 γενεὰν
375 1974 400 2017 ὁ
423 1974 542 2023 Ζεὺς
572 1969 690 2017 ἵκετ’
714 1976 758 2023 ἐς
785 1975 975 2017 ἐκείνου
1001 1974 1174 2031 γενεάν.
1233 1966 1426 2013 Deditne
1456 1987 1619 2016 κοινω-

183 2050 429 2111 σάμενοςῖ)
497 2049 590 2096 Sed
615 2054 693 2112 qui
717 2059 870 2111 potest
893 2051 1068 2111 Jupiter
1091 2064 1190 2094 esse
1217 2054 1241 2096 ὁ
1265 2054 1517 2115 φέρτατος
1540 2048 1619 2095 ὅλ-

183 2133 277 2194 βῳ,
310 2146 416 2176 cum
440 2132 588 2194 ὄλβος
616 2127 676 2174 ad
703 2127 825 2174 solas
848 2128 1070 2174 mortales
1098 2129 1351 2190 pertineat?
1388 2130 1462 2172 Sin
1488 2126 1620 2173 malis

181 2208 259 2255 illa
291 2209 434 2257 verba
471 2209 529 2255 de
562 2207 899 2272 Amphitryone
936 2208 1217 2270 intelligere,
1253 2207 1543 2254 offendemus
1578 2210 1621 2253 in

185 2295 383 2354 γενεὰν,
422 2289 558 2354 quod
586 2301 629 2336 et
654 2291 804 2353 ipsum
829 2288 888 2335 ad
916 2288 1140 2335 humanas
1167 2300 1335 2335 tantum
1362 2301 1519 2353 gentes
1546 2306 1623 2335 re-

182 2371 306 2418 ferre
327 2372 447 2419 solet
470 2370 703 2417 Pindarus.
777 2369 890 2416 Vide
915 2372 1075 2434 igitur,
1101 2372 1397 2435 scripseritne
1426 2376 1450 2419 ὁ
1474 2369 1514 2418 δ
1539 2372 1621 2418 (ἵλ-

183 2457 268 2516 βος
295 2467 351 2524 φ.
387 2453 567 2500 collatis
594 2450 709 2498 locis
734 2454 779 2497 P.
810 2453 864 2505 V,
892 2453 966 2498 55.
995 2458 1019 2500 ὁ
1047 2457 1247 2500 Βάττου
1276 2453 1315 2500 δ’
1341 2453 1514 2500 ἕπεται
1537 2472 1624 2499 πα·

184 2537 326 2589 λαιὸς
350 2537 527 2598 ὄλβος,
564 2532 633 2579 Ol.
663 2534 743 2589 Vl,
769 2534 845 2578 72.
880 2533 1028 2599 ὄλβος
1058 2531 1098 2580 δ’
1121 2535 1205 2593 ἅμ’
1229 2534 1442 2588 ἕσπετο,
1480 2534 1525 2576 P·
1552 2534 1622 2585 lll,

187 2614 280 2658 105
321 2619 469 2678 ὄλβος
495 2623 584 2663 οὐκ
608 2621 651 2669 ἐς
672 2618 862 2681 μακρὸν
889 2615 1075 2681 ἀνδρῶν
1102 2616 1335 2680 ἔρχεται,
1372 2613 1440 2658 Ol.
1466 2616 1521 2665 ll,
1549 2613 1622 2655 24.
