1726 2912
183 23 295 82 24⁴

182 184 258 213 να.
296 164 350 209 cf.
369 175 459 210 not.
488 163 549 209 ad
575 164 642 208 Ol.
669 166 747 219 Vl,
769 165 843 207 37.
923 161 983 206 ib.
1020 166 1204 230 ὲφοὶψη.
1277 163 1348 206 15.
1386 167 1615 217 αἰνήσαις

181 246 316 305 (sic).
1533 289 1540 295 .

281 325 343 370 18
370 352 433 359 --
464 326 539 371 20.
621 328 789 382 Quum
832 321 1066 386 spondeus
1108 324 1151 365 in
1197 321 1417 367 omnibus
1456 324 1618 368 ceteris

179 403 380 467 strophis
411 415 631 451 octavum
663 420 849 449 versum
881 405 1238 468 (ἀκρωτήριον)
1272 401 1483 460 inchoet,
1524 418 1619 447 non

181 484 408 532 credibile
439 496 532 545 est,
578 487 622 530 in
661 484 750 529 hac
777 483 878 528 sola
920 480 1190 528 trochaeum
1234 498 1260 527 a
1297 494 1437 544 poeta
1479 483 1618 529 fuisse

180 565 448 610 admissum.
528 563 687 610 Codex
721 574 877 610 noster
911 580 1023 609 cum
1060 562 1209 607 multis
1254 561 1398 609 habet
1437 567 1619 613 soma

180 645 220 693 δ’
256 649 457 712 ἀρεταῖς
492 645 606 695 ἶσόν
641 667 696 695 τε
732 646 991 694 κασταλία
1026 652 1142 710 παρ’
1179 648 1397 714 ἀλφειῡῦ
1430 664 1483 693 τε
1519 648 1619 708 ῥέε·

178 731 320 792 ἓρον.
406 726 693 774 Scholiastae
725 738 907 772 veteres
941 725 1056 772 haec
1093 725 1345 788 praebent:
1399 729 1536 790 βρύει
1566 725 1619 774 δὲ

180 805 266 856 καὶ
298 808 506 865 αὔξεται
539 818 652 864 ταῖς
685 815 884 876 ἀρεταῖς
920 816 1004 865 τῆς
1043 814 1172 863 νίκης
1211 813 1236 863 ἡ
1268 810 1444 861 Ὀποῦς
1479 807 1531 855 ἔν
1565 826 1620 855 τε

176 895 241 954 τῇ
272 891 541 953 Κασταλίᾳ
589 892 696 950 (scr.
731 888 1049 948 Κασταλίας)
1094 898 1216 951 πηγῇ
1250 894 1298 936 ἐν
1332 894 1501 936 Πυθοῖ
1535 891 1619 936 καὶ

177 975 227 1018 ἐν
255 978 369 1023 ταῖς
400 978 498 1018 τοῦ
525 974 761 1039 Ἀλφειοῦ
795 979 1034 1032 ποταμοῦ
1068 970 1184 1030 (ὃΟΠ-
1214 973 1409 1031 πηγαῖς)
1443 973 1619 1017 ‘court-:¹-

180 1071 297 1100 στιν
331 1055 382 1098 ἐν
409 1054 653 1113 Ὀλυμπίᾳ
690 1058 788 1100 κτέ.
871 1050 1031 1095 Alius:
1069 1055 1249 1098 ἓάλλει
1279 1059 1390 1104 ταῖς
1420 1056 1620 1115 ἀρεταῖς

178 1138 265 1187 τῆς
308 1135 627 1187 Κασταλίας,
674 1135 787 1178 ἀντὶ
837 1139 932 1179 τοῦ
973 1140 1058 1187 τῆς
1103 1137 1324 1185 Πυθοῦς.
1412 1132 1620 1189 Uterque

179 1212 319 1274 igitur
343 1211 526 1273 ignorat
548 1211 797 1257 lectionem
825 1212 936 1260 ἴσον
953 1247 965 1267 ,
1005 1221 1048 1256 et
1077 1209 1184 1273 legit
1211 1213 1505 1266 Κασταλίας
1529 1226 1622 1274 po-

177 1292 366 1348 sterior,
403 1291 530 1354 quod
563 1303 714 1338 autem
747 1295 879 1356 prior
910 1301 1036 1359 πηγῇ
1069 1292 1266 1355 adjecit,
1301 1296 1622 1356 suspicionem

180 1383 364 1429 movet,
413 1373 663 1434 genuinam
709 1371 956 1418 lectionem
1004 1388 1104 1418 esse
1149 1378 1346 1436 κράναν.
1436 1375 1619 1420 Tertius

178 1450 296 1499 haec
325 1451 595 1515 adscripsit:
648 1458 706 1501 τὸ
743 1453 793 1500 δὲ
830 1454 940 1501 ἴσον
975 1457 1089 1500 ἀντὶ
1121 1461 1217 1501 τοῦ
1248 1462 1432 1509 κοινῶς.
1484 1460 1620 1522 παρά

181 1554 236 1582 τε
265 1536 326 1582 τὸ
351 1533 462 1581 ἴσον
488 1537 688 1599 ῥέεθρον
717 1534 1009 1588 Κασταλίας
1039 1537 1121 1580 καὶ
1150 1539 1209 1582 τὸ
1244 1543 1341 1583 τοῦ
1367 1539 1617 1604 Ἀλφειοῦ.

178 1613 292 1661 lnde
325 1613 374 1659 id
413 1613 577 1660 saltem
619 1612 861 1671 discimus,
913 1626 1102 1676 poetam
1139 1614 1303 1664 eadem
1340 1632 1484 1663 usum
1518 1633 1620 1664 esse
1653 1642 1661 1647 2

179 1696 551 1760 praepositione,
598 1705 803 1741 ceterum
838 1697 949 1743 ἴσον
983 1700 1137 1758 ipsum
1172 1714 1224 1742 ex
1261 1697 1419 1759 glossa
1454 1709 1620 1744 natum

180 1774 390 1833 videtur,
425 1775 622 1821 relatum
649 1774 711 1820 ad
733 1781 892 1844 παρὰ,
928 1776 1057 1838 quod
1082 1777 1228 1823 semel
1252 1781 1460 1840 positum
1490 1789 1533 1825 et
1556 1778 1619 1824 ad

181 1861 365 1923 κράναν
395 1867 439 1902 et
471 1854 532 1900 ad
560 1861 765 1924 fissi-*pov
798 1857 1060 1921 pertineret.
1146 1857 1347 1903 Confusa
1379 1859 1524 1905 verba
1551 1860 1620 1905 sic

180 1953 441 2002 compone:
493 1937 604 1986 ἴσον
635 1942 770 2002 παρά
804 1958 857 1985 τε
886 1942 946 1987 τὸ
972 1943 1176 2006 ῥέεὲρον
1210 1947 1259 1985 K.
1296 1945 1393 1987 κτέ.
1477 1939 1620 1999 Quod

183 2018 448 2063 Boeckhius
474 2016 605 2062 dedit
628 2017 680 2065 ἔν
703 2037 756 2064 τε
783 2022 1046 2080 Κασταλίᾳ
1074 2036 1166 2064 non
1190 2019 1339 2065 solum
1368 2032 1516 2066 metro
1541 2039 1618 2067 re-

180 2097 414 2161 liquarum
453 2096 751 2159 stropharum
791 2097 1088 2155 adversatur,
1139 2099 1221 2146 sed
1259 2102 1394 2146 etiam
1437 2103 1617 2162 syntaxi

180 2179 473 2236 Pindaricae,
522 2178 598 2224 ille
630 2182 751 2224 enim
785 2177 1029 2225 fluviorum
1064 2180 1326 2226 nominibus
1362 2197 1453 2226 non
1487 2181 1617 2228 addit

179 2264 229 2309 ἑν
261 2261 448 2306 notione
480 2261 847 2323 propinquitatis.
931 2262 1143 2324 Denique
1173 2262 1326 2319 vides,
1374 2281 1492 2309 nunc
1525 2281 1616 2310 ve-

179 2357 283 2386 rum
313 2341 514 2388 evadere
542 2352 693 2387 vatem
724 2344 948 2404 Heynium
983 2355 1276 2389 annotantem
1308 2346 1351 2390 h.
1377 2343 1404 2389 l.
1455 2348 1617 2390 »Pau-

179 2422 287 2468 wius
318 2421 393 2468 hic
424 2422 676 2485 elegantius
711 2422 808 2486 legi
844 2423 1092 2469 arbitratur
1129 2430 1442 2474 Κασταλίαν.
1511 2428 1616 2473 Jam

180 2501 292 2548 alius
319 2505 469 2550 veniet
503 2514 546 2550 et
575 2504 870 2564 profitebitur
900 2521 950 2552 se
981 2505 1121 2553 malle
1157 2510 1446 2563 Κασταλίας
1481 2519 1527 2554 ut
1553 2507 1613 2554 ad

179 2587 382 2649 ῥέεθρον
415 2585 574 2632 referri
602 2587 763 2650 possit.
783 2606 801 2628 «
875 2586 1039 2632 Scribe
1071 2606 1188 2634 nunc
1219 2607 1431 2642 mecum:
