<?xml version="1.0" encoding="UTF-8"?>
<!DOCTYPE html PUBLIC "-//W3C//DTD XHTML 1.0 Transitional//EN"
    "http://www.w3.org/TR/xhtml1/DTD/xhtml1-transitional.dtd">
<html xmlns="http://www.w3.org/1999/xhtml" xml:lang="en" lang="en">
 <head>
  <title>
</title>
<meta http-equiv="Content-Type" content="text/html;charset=utf-8" />
  <meta name='ocr-system' content='tesseract 3.04.00' />
  <meta name='ocr-capabilities' content='ocr_page ocr_carea ocr_par ocr_line ocrx_word'/>
</head>
<body>
  <div class='ocr_page' id='page_1' title='image "./lectionespindari00kaysuoft_0065.png"; bbox 0 0 1726 2912; ppageno 0'>
   <div class='ocr_carea' id='block_1_1' title="bbox 0 0 37 1246">
    <p class='ocr_par' dir='ltr' id='par_1_1' title="bbox 0 0 37 1246">
     <span class='ocr_line' id='line_1_1' title="bbox 0 0 37 1246; baseline 0 0"><span class='ocrx_word' id='word_1_1' title='bbox 0 0 37 1246; x_wconf 95' lang='lat' dir='ltr'><em> </em></span> 
     </span>
    </p>
   </div>
   <div class='ocr_carea' id='block_1_2' title="bbox 1478 54 1541 97">
    <p class='ocr_par' dir='ltr' id='par_1_2' title="bbox 1478 54 1541 97">
     <span class='ocr_line' id='line_1_2' title="bbox 1478 54 1541 97; baseline 0 0"><span class='ocrx_word' id='word_1_2' title='bbox 1478 54 1541 97; x_wconf 79' lang='lat'><em>55</em></span> 
     </span>
    </p>
   </div>
   <div class='ocr_carea' id='block_1_3' title="bbox 103 181 1544 2662">
    <p class='ocr_par' dir='ltr' id='par_1_3' title="bbox 103 181 1542 1056">
     <span class='ocr_line' id='line_1_3' title="bbox 112 181 1541 245; baseline 0 -19"><span class='ocrx_word' id='word_1_3' title='bbox 112 183 178 226; x_wconf 85' lang='lat' dir='ltr'><em>vix</em></span> <span class='ocrx_word' id='word_1_4' title='bbox 204 181 334 228; x_wconf 79' lang='lat' dir='ltr'><strong>aliter</strong></span> <span class='ocrx_word' id='word_1_5' title='bbox 365 181 583 245; x_wconf 77' lang='lat' dir='ltr'><strong>explicari</strong></span> <span class='ocrx_word' id='word_1_6' title='bbox 611 193 787 245; x_wconf 84' lang='lat' dir='ltr'><strong>potest,</strong></span> <span class='ocrx_word' id='word_1_7' title='bbox 824 200 968 245; x_wconf 83' lang='lat' dir='ltr'><strong>quam</strong></span> <span class='ocrx_word' id='word_1_8' title='bbox 997 183 1057 227; x_wconf 82' lang='lat' dir='ltr'><em>ab</em></span> <span class='ocrx_word' id='word_1_9' title='bbox 1082 184 1232 244; x_wconf 84' lang='lat' dir='ltr'><strong>Etym.</strong></span> <span class='ocrx_word' id='word_1_10' title='bbox 1257 184 1320 230; x_wconf 90' lang='lat' dir='ltr'><em>M.</em></span> <span class='ocrx_word' id='word_1_11' title='bbox 1351 183 1541 228; x_wconf 83' lang='lat' dir='ltr'><strong>factum:</strong></span> 
     </span>
     <span class='ocr_line' id='line_1_4' title="bbox 109 262 1539 332; baseline 0 -21"><span class='ocrx_word' id='word_1_12' title='bbox 109 263 319 326; x_wconf 79' lang='grc' dir='ltr'><em>χέραδος</em></span> <span class='ocrx_word' id='word_1_13' title='bbox 348 262 554 320; x_wconf 79' lang='grc' dir='ltr'><strong><em>Ἰλιάδος</em></strong></span> <span class='ocrx_word' id='word_1_14' title='bbox 585 278 625 332; x_wconf 86' lang='grc' dir='ltr'><em>φ·</em></span> <span class='ocrx_word' id='word_1_15' title='bbox 657 270 716 320; x_wconf 85' lang='grc' dir='ltr'><em>ὡς</em></span> <span class='ocrx_word' id='word_1_16' title='bbox 745 263 959 320; x_wconf 78' lang='grc' dir='ltr'><em>κίναδος.</em></span> <span class='ocrx_word' id='word_1_17' title='bbox 992 263 1254 327; x_wconf 80' lang='grc' dir='ltr'><em>οὐδέτερον</em></span> <span class='ocrx_word' id='word_1_18' title='bbox 1285 267 1371 330; x_wconf 78' lang='grc' dir='ltr'><em>γάρ</em></span> <span class='ocrx_word' id='word_1_19' title='bbox 1403 268 1539 313; x_wconf 81' lang='grc' dir='ltr'><em>ἐστι·</em></span> 
     </span>
     <span class='ocr_line' id='line_1_5' title="bbox 109 346 1539 411; baseline -0.001 -19"><span class='ocrx_word' id='word_1_20' title='bbox 109 347 169 392; x_wconf 86' lang='grc' dir='ltr'><em>τὸ</em></span> <span class='ocrx_word' id='word_1_21' title='bbox 204 346 543 408; x_wconf 69' lang='grc' dir='ltr'><em>συναγόμενον</em></span> <span class='ocrx_word' id='word_1_22' title='bbox 582 349 631 392; x_wconf 83' lang='grc' dir='ltr'><em>ἐν</em></span> <span class='ocrx_word' id='word_1_23' title='bbox 667 352 726 408; x_wconf 74' lang='grc' dir='ltr'><em>τῇ</em></span> <span class='ocrx_word' id='word_1_24' title='bbox 762 350 904 411; x_wconf 82' lang='grc' dir='ltr'>ῥύσει</span> <span class='ocrx_word' id='word_1_25' title='bbox 943 351 1040 393; x_wconf 84' lang='grc' dir='ltr'><em>τοῦ</em></span> <span class='ocrx_word' id='word_1_26' title='bbox 1071 351 1310 405; x_wconf 79' lang='grc' dir='ltr'><strong><em>ποταμοῦ</em></strong></span> <span class='ocrx_word' id='word_1_27' title='bbox 1346 347 1539 400; x_wconf 58' lang='grc' dir='ltr'><em>πλῆθος</em></span> 
     </span>
     <span class='ocr_line' id='line_1_6' title="bbox 106 423 1540 488; baseline 0.001 -17"><span class='ocrx_word' id='word_1_28' title='bbox 106 428 243 478; x_wconf 80' lang='grc' dir='ltr'><em>ἰλύος</em></span> <span class='ocrx_word' id='word_1_29' title='bbox 276 429 360 473; x_wconf 82' lang='grc' dir='ltr'><em>καὶ</em></span> <span class='ocrx_word' id='word_1_30' title='bbox 401 430 656 488; x_wconf 79' lang='grc' dir='ltr'><em>ὀστράκων</em></span> <span class='ocrx_word' id='word_1_31' title='bbox 693 429 774 474; x_wconf 87' lang='grc' dir='ltr'><em>καὶ</em></span> <span class='ocrx_word' id='word_1_32' title='bbox 805 429 972 476; x_wconf 62' lang='grc' dir='ltr'><em>λίθων.</em></span> <span class='ocrx_word' id='word_1_33' title='bbox 1043 423 1182 471; x_wconf 87' lang='lat' dir='ltr'><strong>Addit</strong></span> <span class='ocrx_word' id='word_1_34' title='bbox 1196 443 1215 481; x_wconf 59' lang='lat' dir='ltr'><em>z,</em></span> <span class='ocrx_word' id='word_1_35' title='bbox 1245 427 1328 473; x_wconf 85' lang='grc' dir='ltr'><em>καὶ</em></span> <span class='ocrx_word' id='word_1_36' title='bbox 1354 424 1540 473; x_wconf 86' lang='grc' dir='ltr'><em>Πίνδα-</em></span> 
     </span>
     <span class='ocr_line' id='line_1_7' title="bbox 104 504 1541 573; baseline 0 -21"><span class='ocrx_word' id='word_1_37' title='bbox 104 523 186 568; x_wconf 86' lang='grc' dir='ltr'><em>ρος</em></span> <span class='ocrx_word' id='word_1_38' title='bbox 221 504 329 553; x_wconf 82' lang='grc' dir='ltr'><em>εἶπε</em></span> <span class='ocrx_word' id='word_1_39' title='bbox 361 507 563 573; x_wconf 80' lang='grc' dir='ltr'><em>χεράδει</em></span> <span class='ocrx_word' id='word_1_40' title='bbox 599 505 821 556; x_wconf 77' lang='grc' dir='ltr'><em>σποδέων</em></span> <span class='ocrx_word' id='word_1_41' title='bbox 866 506 1019 567; x_wconf 84' lang='lat' dir='ltr'><strong>(bene</strong></span> <span class='ocrx_word' id='word_1_42' title='bbox 1054 523 1175 553; x_wconf 82' lang='lat' dir='ltr'><strong>corr.</strong></span> <span class='ocrx_word' id='word_1_43' title='bbox 1210 504 1473 552; x_wconf 85' lang='lat' dir='ltr'><strong>Boeckhius</strong></span> <span class='ocrx_word' id='word_1_44' title='bbox 1514 523 1541 559; x_wconf 82' lang='grc' dir='ltr'>ς</span> 
     </span>
     <span class='ocr_line' id='line_1_8' title="bbox 103 585 1540 650; baseline -0.002 -16"><span class='ocrx_word' id='word_1_45' title='bbox 103 587 343 645; x_wconf 58' lang='grc' dir='ltr'><em>Πυθίων).</em></span> <span class='ocrx_word' id='word_1_46' title='bbox 429 585 699 649; x_wconf 83' lang='lat' dir='ltr'><strong>Etymologi</strong></span> <span class='ocrx_word' id='word_1_47' title='bbox 742 586 983 649; x_wconf 77' lang='lat' dir='ltr'>explicatio</span> <span class='ocrx_word' id='word_1_48' title='bbox 1028 586 1334 632; x_wconf 74' lang='lat' dir='ltr'><strong>confirmatur</strong></span> <span class='ocrx_word' id='word_1_49' title='bbox 1380 586 1540 650; x_wconf 65' lang='lat' dir='ltr'><strong>glossa</strong></span> 
     </span>
     <span class='ocr_line' id='line_1_9' title="bbox 105 665 1542 734; baseline 0.001 -24"><span class='ocrx_word' id='word_1_50' title='bbox 105 665 348 727; x_wconf 84' lang='lat' dir='ltr'><strong>Hesychii,</strong></span> <span class='ocrx_word' id='word_1_51' title='bbox 395 676 532 728; x_wconf 83' lang='lat' dir='ltr'><strong>atque</strong></span> <span class='ocrx_word' id='word_1_52' title='bbox 557 668 792 712; x_wconf 87' lang='lat' dir='ltr'>Homerus</span> <span class='ocrx_word' id='word_1_53' title='bbox 817 683 902 712; x_wconf 86' lang='lat' dir='ltr'><em>nec</em></span> <span class='ocrx_word' id='word_1_54' title='bbox 931 671 1104 734; x_wconf 84' lang='grc' dir='ltr'><em>μυρίος</em></span> <span class='ocrx_word' id='word_1_55' title='bbox 1134 683 1219 713; x_wconf 85' lang='lat' dir='ltr'><em>nec</em></span> <span class='ocrx_word' id='word_1_56' title='bbox 1245 672 1401 722; x_wconf 84' lang='grc' dir='ltr'><em>πολὺς</em></span> <span class='ocrx_word' id='word_1_57' title='bbox 1427 668 1542 730; x_wconf 89' lang='lat' dir='ltr'><strong>jun-</strong></span> 
     </span>
     <span class='ocr_line' id='line_1_10' title="bbox 105 745 1542 811; baseline 0.003 -21"><span class='ocrx_word' id='word_1_58' title='bbox 105 748 169 810; x_wconf 85' lang='lat' dir='ltr'><em>git</em></span> <span class='ocrx_word' id='word_1_59' title='bbox 192 747 413 809; x_wconf 87' lang='lat' dir='ltr'><strong>genitivo.</strong></span> <span class='ocrx_word' id='word_1_60' title='bbox 484 745 622 811; x_wconf 87' lang='lat' dir='ltr'><strong>Apud</strong></span> <span class='ocrx_word' id='word_1_61' title='bbox 650 746 898 792; x_wconf 83' lang='lat' dir='ltr'><strong>Pindarum</strong></span> <span class='ocrx_word' id='word_1_62' title='bbox 929 758 1107 804; x_wconf 85' lang='lat' dir='ltr'><strong>autem,</strong></span> <span class='ocrx_word' id='word_1_63' title='bbox 1144 748 1229 810; x_wconf 89' lang='lat' dir='ltr'><em>qui</em></span> <span class='ocrx_word' id='word_1_64' title='bbox 1244 749 1437 793; x_wconf 86' lang='lat' dir='ltr'><strong>Homeri</strong></span> <span class='ocrx_word' id='word_1_65' title='bbox 1455 765 1542 794; x_wconf 90' lang='lat' dir='ltr'><em>ve-</em></span> 
     </span>
     <span class='ocr_line' id='line_1_11' title="bbox 103 825 1541 893; baseline 0.001 -21"><span class='ocrx_word' id='word_1_66' title='bbox 103 827 234 890; x_wconf 51' lang='lat' dir='ltr'><strong>stig—ia</strong></span> <span class='ocrx_word' id='word_1_67' title='bbox 270 825 454 873; x_wconf 80' lang='lat' dir='ltr'><strong>assidue</strong></span> <span class='ocrx_word' id='word_1_68' title='bbox 485 826 622 890; x_wconf 82' lang='lat' dir='ltr'><strong>legit,</strong></span> <span class='ocrx_word' id='word_1_69' title='bbox 667 826 868 893; x_wconf 82' lang='grc' dir='ltr'><em>χεράδει</em></span> <span class='ocrx_word' id='word_1_70' title='bbox 901 825 991 872; x_wconf 87' lang='lat' dir='ltr'><em>hoc</em></span> <span class='ocrx_word' id='word_1_71' title='bbox 1016 828 1120 892; x_wconf 82' lang='lat' dir='ltr'><strong>ipso</strong></span> <span class='ocrx_word' id='word_1_72' title='bbox 1149 837 1426 890; x_wconf 82' lang='lat' dir='ltr'><strong>argumento</strong></span> <span class='ocrx_word' id='word_1_73' title='bbox 1457 844 1541 873; x_wconf 81' lang='lat' dir='ltr'><em>re—</em></span> 
     </span>
     <span class='ocr_line' id='line_1_12' title="bbox 103 905 1541 974; baseline 0 -20"><span class='ocrx_word' id='word_1_74' title='bbox 103 905 381 954; x_wconf 87' lang='lat' dir='ltr'><strong>stituendum</strong></span> <span class='ocrx_word' id='word_1_75' title='bbox 424 909 536 965; x_wconf 79' lang='lat' dir='ltr'><strong>erit,</strong></span> <span class='ocrx_word' id='word_1_76' title='bbox 595 924 745 970; x_wconf 87' lang='lat' dir='ltr'><strong>neque</strong></span> <span class='ocrx_word' id='word_1_77' title='bbox 783 906 1010 964; x_wconf 77' lang='lat' dir='ltr'><strong>librariis,</strong></span> <span class='ocrx_word' id='word_1_78' title='bbox 1056 907 1267 953; x_wconf 87' lang='lat' dir='ltr'><strong>itacismo</strong></span> <span class='ocrx_word' id='word_1_79' title='bbox 1311 905 1541 974; x_wconf 81' lang='lat' dir='ltr'><strong>deceptis,</strong></span> 
     </span>
     <span class='ocr_line' id='line_1_13' title="bbox 103 985 1240 1056; baseline 0.004 -23"><span class='ocrx_word' id='word_1_80' title='bbox 103 985 219 1034; x_wconf 84' lang='lat' dir='ltr'><strong>fides</strong></span> <span class='ocrx_word' id='word_1_81' title='bbox 243 985 478 1036; x_wconf 75' lang='lat' dir='ltr'><strong>habenda.</strong></span> <span class='ocrx_word' id='word_1_82' title='bbox 545 986 670 1034; x_wconf 76' lang='lat' dir='ltr'><strong>Flor.</strong></span> <span class='ocrx_word' id='word_1_83' title='bbox 700 993 989 1056; x_wconf 73' lang='grc' dir='ltr'><em>παμφόροις</em></span> <span class='ocrx_word' id='word_1_84' title='bbox 1013 993 1240 1054; x_wconf 84' lang='grc' dir='ltr'><em>χεράσιν.</em></span> 
     </span>
    </p>

    <p class='ocr_par' dir='ltr' id='par_1_4' title="bbox 104 1068 1543 1780">
     <span class='ocr_line' id='line_1_14' title="bbox 202 1068 1538 1133; baseline 0.004 -20"><span class='ocrx_word' id='word_1_85' title='bbox 202 1070 278 1116; x_wconf 83' lang='grc'><strong>14.</strong></span> <span class='ocrx_word' id='word_1_86' title='bbox 315 1070 636 1130; x_wconf 83' lang='grc' dir='ltr'><em>τυπτόμενοι.</em></span> <span class='ocrx_word' id='word_1_87' title='bbox 682 1070 825 1114; x_wconf 85' lang='lat' dir='ltr'>Recte</span> <span class='ocrx_word' id='word_1_88' title='bbox 849 1068 1087 1133; x_wconf 76' lang='lat' dir='ltr'><strong>probatur</strong></span> <span class='ocrx_word' id='word_1_89' title='bbox 1111 1069 1325 1115; x_wconf 86' lang='lat' dir='ltr'><strong>Dissenio</strong></span> <span class='ocrx_word' id='word_1_90' title='bbox 1348 1073 1538 1118; x_wconf 84' lang='grc' dir='ltr'><em>τυπτό·</em></span> 
     </span>
     <span class='ocr_line' id='line_1_15' title="bbox 107 1149 1541 1216; baseline 0.001 -18"><span class='ocrx_word' id='word_1_91' title='bbox 107 1169 270 1213; x_wconf 85' lang='grc' dir='ltr'><em>μενον.</em></span> <span class='ocrx_word' id='word_1_92' title='bbox 337 1150 517 1193; x_wconf 78' lang='lat' dir='ltr'><strong>Etenim</strong></span> <span class='ocrx_word' id='word_1_93' title='bbox 555 1153 838 1213; x_wconf 58' lang='grc' dir='ltr'><em>θησαυρὸς,</em></span> <span class='ocrx_word' id='word_1_94' title='bbox 885 1154 974 1198; x_wconf 87' lang='grc' dir='ltr'><em>τὸν</em></span> <span class='ocrx_word' id='word_1_95' title='bbox 1011 1150 1128 1198; x_wconf 72' lang='grc' dir='ltr'><em>οὔτε</em></span> <span class='ocrx_word' id='word_1_96' title='bbox 1162 1149 1376 1216; x_wconf 77' lang='grc' dir='ltr'><em>ὄμβρος,</em></span> <span class='ocrx_word' id='word_1_97' title='bbox 1422 1150 1541 1199; x_wconf 78' lang='grc' dir='ltr'><em>οὔτε</em></span> 
     </span>
     <span class='ocr_line' id='line_1_16' title="bbox 106 1228 1542 1298; baseline 0.001 -21"><span class='ocrx_word' id='word_1_98' title='bbox 106 1230 287 1292; x_wconf 80' lang='grc' dir='ltr'><em>οἴνεμος</em></span> <span class='ocrx_word' id='word_1_99' title='bbox 315 1233 360 1284; x_wconf 82' lang='grc' dir='ltr'><em>ἐς</em></span> <span class='ocrx_word' id='word_1_100' title='bbox 389 1236 583 1296; x_wconf 79' lang='grc' dir='ltr'><em>μυχοὺς</em></span> <span class='ocrx_word' id='word_1_101' title='bbox 612 1233 731 1285; x_wconf 85' lang='grc' dir='ltr'><strong><em>ἁλὸς</em></strong></span> <span class='ocrx_word' id='word_1_102' title='bbox 762 1231 934 1288; x_wconf 73' lang='grc' dir='ltr'><em>ἄξοισι</em></span> <span class='ocrx_word' id='word_1_103' title='bbox 965 1234 1213 1298; x_wconf 70' lang='grc' dir='ltr'><em>παμφόρῳ</em></span> <span class='ocrx_word' id='word_1_104' title='bbox 1240 1228 1436 1296; x_wconf 80' lang='grc' dir='ltr'><em>χεράδει</em></span> <span class='ocrx_word' id='word_1_105' title='bbox 1463 1251 1542 1279; x_wconf 87' lang='grc' dir='ltr'><em>τυ-</em></span> 
     </span>
     <span class='ocr_line' id='line_1_17' title="bbox 106 1309 1543 1370; baseline -0.001 -12"><span class='ocrx_word' id='word_1_106' title='bbox 106 1314 355 1370; x_wconf 86' lang='grc' dir='ltr'><em>πτόμενον</em></span> <span class='ocrx_word' id='word_1_107' title='bbox 386 1312 580 1356; x_wconf 78' lang='lat' dir='ltr'><strong>Horatio</strong></span> <span class='ocrx_word' id='word_1_108' title='bbox 607 1309 692 1356; x_wconf 90' lang='lat' dir='ltr'><em>Od.</em></span> <span class='ocrx_word' id='word_1_109' title='bbox 721 1319 815 1370; x_wconf 84' lang='grc' dir='ltr'><em>ΙΙΙ,</em></span> <span class='ocrx_word' id='word_1_110' title='bbox 844 1313 929 1367; x_wconf 87' lang='grc'><em>30,</em></span> <span class='ocrx_word' id='word_1_111' title='bbox 958 1313 1002 1357; x_wconf 85' lang='grc'><strong>3.</strong></span> <span class='ocrx_word' id='word_1_112' title='bbox 1034 1321 1099 1356; x_wconf 86' lang='lat' dir='ltr'><em>est</em></span> <span class='ocrx_word' id='word_1_113' title='bbox 1135 1320 1543 1367; x_wconf 85' lang='lat' dir='ltr'><strong>»monumentum‚</strong></span> 
     </span>
     <span class='ocr_line' id='line_1_18' title="bbox 106 1374 1543 1453; baseline 0.001 -18"><span class='ocrx_word' id='word_1_114' title='bbox 106 1374 242 1453; x_wconf 76' lang='lat' dir='ltr'><em>quodv</em></span> <span class='ocrx_word' id='word_1_115' title='bbox 262 1404 356 1433; x_wconf 88' lang='lat' dir='ltr'><em>non</em></span> <span class='ocrx_word' id='word_1_116' title='bbox 382 1387 538 1433; x_wconf 79' lang='lat' dir='ltr'><strong>imber</strong></span> <span class='ocrx_word' id='word_1_117' title='bbox 563 1388 680 1434; x_wconf 80' lang='lat' dir='ltr'><strong>edax</strong></span> <span class='ocrx_word' id='word_1_118' title='bbox 711 1407 802 1434; x_wconf 84' lang='lat' dir='ltr'><em>nou</em></span> <span class='ocrx_word' id='word_1_119' title='bbox 831 1390 993 1452; x_wconf 86' lang='lat' dir='ltr'><strong>aquilo</strong></span> <span class='ocrx_word' id='word_1_120' title='bbox 1022 1391 1251 1452; x_wconf 85' lang='lat' dir='ltr'><strong>impotens</strong></span> <span class='ocrx_word' id='word_1_121' title='bbox 1286 1392 1433 1453; x_wconf 87' lang='lat' dir='ltr'><strong>possit</strong></span> <span class='ocrx_word' id='word_1_122' title='bbox 1464 1389 1543 1436; x_wconf 88' lang='lat' dir='ltr'><strong>di·-</strong></span> 
     </span>
     <span class='ocr_line' id='line_1_19' title="bbox 104 1468 1542 1531; baseline 0 -16"><span class='ocrx_word' id='word_1_123' title='bbox 104 1485 309 1515; x_wconf 78' lang='lat' dir='ltr'><strong>ruere«.</strong></span> <span class='ocrx_word' id='word_1_124' title='bbox 380 1468 701 1513; x_wconf 82' lang='lat' dir='ltr'><strong>Accusativun]</strong></span> <span class='ocrx_word' id='word_1_125' title='bbox 730 1468 841 1531; x_wconf 81' lang='lat' dir='ltr'><strong>legit</strong></span> <span class='ocrx_word' id='word_1_126' title='bbox 871 1470 1005 1514; x_wconf 78' lang='lat' dir='ltr'><strong>etiam</strong></span> <span class='ocrx_word' id='word_1_127' title='bbox 1030 1468 1280 1515; x_wconf 83' lang='lat' dir='ltr'><strong>scholiasta</strong></span> <span class='ocrx_word' id='word_1_128' title='bbox 1310 1471 1542 1517; x_wconf 74' lang='lat' dir='ltr'><strong>scribens:</strong></span> 
     </span>
     <span class='ocr_line' id='line_1_20' title="bbox 105 1549 1540 1615; baseline 0.001 -17"><span class='ocrx_word' id='word_1_129' title='bbox 105 1550 286 1598; x_wconf 85' lang='grc' dir='ltr'><em>ὅντινα</em></span> <span class='ocrx_word' id='word_1_130' title='bbox 318 1553 408 1598; x_wconf 85' lang='grc' dir='ltr'><em>τὸν</em></span> <span class='ocrx_word' id='word_1_131' title='bbox 445 1549 604 1611; x_wconf 78' lang='grc' dir='ltr'><em>ὕμνον</em></span> <span class='ocrx_word' id='word_1_132' title='bbox 642 1550 761 1597; x_wconf 69' lang='grc' dir='ltr'><em>οὔτε</em></span> <span class='ocrx_word' id='word_1_133' title='bbox 800 1553 982 1615; x_wconf 85' lang='grc' dir='ltr'><em>χειμὼν</em></span> <span class='ocrx_word' id='word_1_134' title='bbox 1021 1575 1087 1583; x_wconf 77' lang='lat'><em>-</em></span> <span class='ocrx_word' id='word_1_135' title='bbox 1128 1555 1373 1608; x_wconf 53' lang='grc' dir='ltr'><em>ἐπελθὼν,</em></span> <span class='ocrx_word' id='word_1_136' title='bbox 1421 1552 1540 1599; x_wconf 74' lang='grc' dir='ltr'><em>οὔτε</em></span> 
     </span>
     <span class='ocr_line' id='line_1_21' title="bbox 106 1630 1543 1702; baseline 0.001 -23"><span class='ocrx_word' id='word_1_137' title='bbox 106 1630 285 1692; x_wconf 71' lang='grc' dir='ltr'><em>ἄνεμοι</em></span> <span class='ocrx_word' id='word_1_138' title='bbox 321 1637 432 1684; x_wconf 87' lang='grc' dir='ltr'><em>ταῖς</em></span> <span class='ocrx_word' id='word_1_139' title='bbox 471 1638 647 1686; x_wconf 84' lang='grc' dir='ltr'><em>πνοαῖς</em></span> <span class='ocrx_word' id='word_1_140' title='bbox 690 1635 970 1687; x_wconf 79' lang='grc' dir='ltr'><em>τύπτοντες</em></span> <span class='ocrx_word' id='word_1_141' title='bbox 1010 1635 1092 1680; x_wconf 82' lang='grc' dir='ltr'><em>καὶ</em></span> <span class='ocrx_word' id='word_1_142' title='bbox 1135 1636 1437 1702; x_wconf 75' lang='grc' dir='ltr'><em>στρέφοντες</em></span> <span class='ocrx_word' id='word_1_143' title='bbox 1482 1639 1543 1695; x_wconf 72' lang='grc' dir='ltr'><em>τῇ</em></span> 
     </span>
     <span class='ocr_line' id='line_1_22' title="bbox 107 1711 1487 1780; baseline -0.001 -20"><span class='ocrx_word' id='word_1_144' title='bbox 107 1714 375 1780; x_wconf 75' lang='grc' dir='ltr'><em>πολυφόρῳ</em></span> <span class='ocrx_word' id='word_1_145' title='bbox 412 1711 586 1778; x_wconf 85' lang='grc' dir='ltr'><em>χεράδι</em></span> <span class='ocrx_word' id='word_1_146' title='bbox 617 1713 796 1770; x_wconf 75' lang='grc' dir='ltr'><em>ἄξουσι</em></span> <span class='ocrx_word' id='word_1_147' title='bbox 830 1717 938 1761; x_wconf 77' lang='grc' dir='ltr'><em>κτλ.</em></span> <span class='ocrx_word' id='word_1_148' title='bbox 1007 1712 1131 1759; x_wconf 79' lang='lat' dir='ltr'><strong>Flor.</strong></span> <span class='ocrx_word' id='word_1_149' title='bbox 1160 1717 1487 1773; x_wconf 83' lang='grc' dir='ltr'><em>τυπτόμενος.</em></span> 
     </span>
    </p>

    <p class='ocr_par' dir='ltr' id='par_1_5' title="bbox 105 1790 1544 2565">
     <span class='ocr_line' id='line_1_23' title="bbox 204 1790 1542 1858; baseline 0.003 -21"><span class='ocrx_word' id='word_1_150' title='bbox 204 1792 281 1839; x_wconf 82' lang='grc'><strong>15.</strong></span> <span class='ocrx_word' id='word_1_151' title='bbox 328 1790 470 1838; x_wconf 83' lang='lat' dir='ltr'><strong>habet</strong></span> <span class='ocrx_word' id='word_1_152' title='bbox 498 1796 699 1848; x_wconf 79' lang='grc' dir='ltr'><em>κοινάν,</em></span> <span class='ocrx_word' id='word_1_153' title='bbox 742 1793 1001 1858; x_wconf 68' lang='grc' dir='ltr'><strong>Ε1.κοινᾷ.</strong></span> <span class='ocrx_word' id='word_1_154' title='bbox 1080 1794 1157 1839; x_wconf 78' lang='grc'><strong>18.</strong></span> <span class='ocrx_word' id='word_1_155' title='bbox 1204 1796 1275 1841; x_wconf 84' lang='grc' dir='ltr'><em>ἐνὶ</em></span> <span class='ocrx_word' id='word_1_156' title='bbox 1307 1802 1542 1855; x_wconf 84' lang='grc' dir='ltr'><em>πτυχαῖς.</em></span> 
     </span>
     <span class='ocr_line' id='line_1_24' title="bbox 106 1872 1542 1936; baseline 0.003 -19"><span class='ocrx_word' id='word_1_157' title='bbox 106 1875 184 1918; x_wconf 84' lang='grc'><strong>21.</strong></span> <span class='ocrx_word' id='word_1_158' title='bbox 223 1877 317 1920; x_wconf 86' lang='grc' dir='ltr'><em>τάν</em></span> <span class='ocrx_word' id='word_1_159' title='bbox 349 1877 462 1921; x_wconf 84' lang='grc' dir='ltr'><em>ποτ’</em></span> <span class='ocrx_word' id='word_1_160' title='bbox 487 1877 537 1921; x_wconf 86' lang='grc' dir='ltr'><em>ἐν</em></span> <span class='ocrx_word' id='word_1_161' title='bbox 561 1874 726 1936; x_wconf 78' lang='grc' dir='ltr'><em>ὄρεσι,</em></span> <span class='ocrx_word' id='word_1_162' title='bbox 766 1890 860 1919; x_wconf 90' lang='lat' dir='ltr'><em>non</em></span> <span class='ocrx_word' id='word_1_163' title='bbox 888 1879 983 1929; x_wconf 89' lang='grc' dir='ltr'><em>τὰ,</em></span> <span class='ocrx_word' id='word_1_164' title='bbox 1031 1884 1079 1919; x_wconf 86' lang='lat' dir='ltr'><em>ut</em></span> <span class='ocrx_word' id='word_1_165' title='bbox 1110 1873 1253 1920; x_wconf 89' lang='lat' dir='ltr'><strong>habet</strong></span> <span class='ocrx_word' id='word_1_166' title='bbox 1278 1872 1542 1921; x_wconf 86' lang='lat' dir='ltr'><strong>Boeckhius</strong></span> 
     </span>
     <span class='ocr_line' id='line_1_25' title="bbox 106 1952 1543 2021; baseline 0.001 -23"><span class='ocrx_word' id='word_1_167' title='bbox 106 1955 149 1999; x_wconf 90' lang='lat' dir='ltr'><em>in</em></span> <span class='ocrx_word' id='word_1_168' title='bbox 175 1952 312 2018; x_wconf 85' lang='lat' dir='ltr'><strong>Expl.</strong></span> <span class='ocrx_word' id='word_1_169' title='bbox 343 1952 403 1999; x_wconf 82' lang='lat' dir='ltr'><em>ad</em></span> <span class='ocrx_word' id='word_1_170' title='bbox 428 1952 475 2000; x_wconf 90' lang='lat' dir='ltr'><em>h.</em></span> <span class='ocrx_word' id='word_1_171' title='bbox 500 1953 530 2000; x_wconf 86' lang='grc' dir='ltr'><strong>Ι.</strong></span> <span class='ocrx_word' id='word_1_172' title='bbox 612 1956 690 2001; x_wconf 84' lang='grc'><strong>22.</strong></span> <span class='ocrx_word' id='word_1_173' title='bbox 726 1960 994 2021; x_wconf 74' lang='grc' dir='ltr'><em>φιλλύρας.</em></span> <span class='ocrx_word' id='word_1_174' title='bbox 1062 1957 1140 2002; x_wconf 85' lang='grc'><strong>23.</strong></span> <span class='ocrx_word' id='word_1_175' title='bbox 1179 1954 1399 2011; x_wconf 82' lang='grc' dir='ltr'><em>πηλείδα.</em></span> <span class='ocrx_word' id='word_1_176' title='bbox 1466 1955 1543 2000; x_wconf 85' lang='grc'><strong>24.</strong></span> 
     </span>
     <span class='ocr_line' id='line_1_26' title="bbox 107 2025 1544 2103; baseline 0.001 -22"><span class='ocrx_word' id='word_1_177' title='bbox 107 2038 318 2098; x_wconf 83' lang='grc' dir='ltr'><em>βοώπαν.</em></span> <span class='ocrx_word' id='word_1_178' title='bbox 386 2036 463 2081; x_wconf 83' lang='grc'><strong>28.</strong></span> <span class='ocrx_word' id='word_1_179' title='bbox 500 2040 718 2098; x_wconf 68' lang='grc' dir='ltr'><em>ἐγένετο,</em></span> <span class='ocrx_word' id='word_1_180' title='bbox 754 2034 822 2082; x_wconf 82' lang='lat' dir='ltr'><em>Fl.</em></span> <span class='ocrx_word' id='word_1_181' title='bbox 850 2042 1103 2103; x_wconf 82' lang='grc' dir='ltr'><em>πρότερος.</em></span> <span class='ocrx_word' id='word_1_182' title='bbox 1172 2037 1250 2081; x_wconf 80' lang='lat'><em>31.</em></span> <span class='ocrx_word' id='word_1_183' title='bbox 1278 2025 1544 2097; x_wconf 84' lang='grc' dir='ltr'><em>ἀμμείνας,</em></span> 
     </span>
     <span class='ocr_line' id='line_1_27' title="bbox 105 2114 1540 2183; baseline 0.002 -24"><span class='ocrx_word' id='word_1_184' title='bbox 105 2114 176 2162; x_wconf 82' lang='lat' dir='ltr'><em>Fl.</em></span> <span class='ocrx_word' id='word_1_185' title='bbox 198 2121 248 2163; x_wconf 81' lang='grc' dir='ltr'><em>ἐν</em></span> <span class='ocrx_word' id='word_1_186' title='bbox 276 2116 586 2182; x_wconf 86' lang='grc' dir='ltr'><em>ἀριμβρότων</em></span> <span class='ocrx_word' id='word_1_187' title='bbox 611 2116 878 2176; x_wconf 86' lang='grc' dir='ltr'><em>ἀναμείνας</em></span> <span class='ocrx_word' id='word_1_188' title='bbox 905 2119 1079 2183; x_wconf 78' lang='grc' dir='ltr'><em>ωἐρχὸν.</em></span> <span class='ocrx_word' id='word_1_189' title='bbox 1148 2116 1226 2161; x_wconf 90' lang='grc'><strong>32.</strong></span> <span class='ocrx_word' id='word_1_190' title='bbox 1264 2117 1540 2181; x_wconf 82' lang='grc' dir='ltr'><em>νεστόρεον.</em></span> 
     </span>
     <span class='ocr_line' id='line_1_28' title="bbox 106 2195 1542 2265; baseline -0.001 -24"><span class='ocrx_word' id='word_1_191' title='bbox 106 2197 185 2242; x_wconf 88' lang='grc'><strong>33.</strong></span> <span class='ocrx_word' id='word_1_192' title='bbox 209 2195 362 2265; x_wconf 75' lang='grc' dir='ltr'><em>ἔφεπε</em></span> <span class='ocrx_word' id='word_1_193' title='bbox 382 2199 646 2263; x_wconf 88' lang='grc' dir='ltr'><em>κρατερὸν,</em></span> <span class='ocrx_word' id='word_1_194' title='bbox 683 2195 968 2264; x_wconf 75' lang='grc' dir='ltr'><em>Ρ].ἑ’φεπεν.</em></span> <span class='ocrx_word' id='word_1_195' title='bbox 1035 2196 1113 2242; x_wconf 86' lang='grc'><strong>35.</strong></span> <span class='ocrx_word' id='word_1_196' title='bbox 1141 2197 1398 2259; x_wconf 84' lang='grc' dir='ltr'><em>μεσανίου.</em></span> <span class='ocrx_word' id='word_1_197' title='bbox 1465 2196 1542 2260; x_wconf 87' lang='grc'><strong>36.</strong></span> 
     </span>
     <span class='ocr_line' id='line_1_29' title="bbox 107 2272 1541 2345; baseline 0 -22"><span class='ocrx_word' id='word_1_198' title='bbox 107 2275 375 2331; x_wconf 56' lang='grc' dir='ltr'><em>δονηθεῖσα</em></span> <span class='ocrx_word' id='word_1_199' title='bbox 401 2282 530 2344; x_wconf 76' lang='grc' dir='ltr'><em>φρὴν</em></span> <span class='ocrx_word' id='word_1_200' title='bbox 557 2280 776 2345; x_wconf 75' lang='grc' dir='ltr'><em>φώνησε,</em></span> <span class='ocrx_word' id='word_1_201' title='bbox 821 2274 904 2320; x_wconf 87' lang='lat' dir='ltr'><em>sed</em></span> <span class='ocrx_word' id='word_1_202' title='bbox 942 2274 1010 2322; x_wconf 86' lang='lat' dir='ltr'><em>Fl.</em></span> <span class='ocrx_word' id='word_1_203' title='bbox 1045 2279 1218 2341; x_wconf 83' lang='grc' dir='ltr'><em>βόασε.</em></span> <span class='ocrx_word' id='word_1_204' title='bbox 1294 2276 1372 2320; x_wconf 74' lang='lat'><em>37.</em></span> <span class='ocrx_word' id='word_1_205' title='bbox 1422 2272 1541 2323; x_wconf 81' lang='grc' dir='ltr'><em>ἀπέ-</em></span> 
     </span>
     <span class='ocr_line' id='line_1_30' title="bbox 110 2353 1543 2421; baseline -0.001 -18"><span class='ocrx_word' id='word_1_206' title='bbox 110 2363 237 2421; x_wconf 76' lang='grc' dir='ltr'><em>ριψε.</em></span> <span class='ocrx_word' id='word_1_207' title='bbox 283 2357 360 2401; x_wconf 85' lang='grc'><strong>40.</strong></span> <span class='ocrx_word' id='word_1_208' title='bbox 385 2355 600 2411; x_wconf 79' lang='grc' dir='ltr'><em>ἐδόκησε.</em></span> <span class='ocrx_word' id='word_1_209' title='bbox 647 2356 722 2399; x_wconf 87' lang='grc'><strong>41.</strong></span> <span class='ocrx_word' id='word_1_210' title='bbox 744 2353 809 2398; x_wconf 89' lang='lat' dir='ltr'><em>Fl.</em></span> <span class='ocrx_word' id='word_1_211' title='bbox 834 2357 1058 2411; x_wconf 81' lang='grc' dir='ltr'><em>τελέσας.</em></span> <span class='ocrx_word' id='word_1_212' title='bbox 1106 2356 1184 2401; x_wconf 79' lang='grc'><strong>42.</strong></span> <span class='ocrx_word' id='word_1_213' title='bbox 1210 2356 1421 2403; x_wconf 86' lang='grc' dir='ltr'><em>τοκέεσι.</em></span> <span class='ocrx_word' id='word_1_214' title='bbox 1468 2357 1543 2402; x_wconf 89' lang='grc'><strong>43.</strong></span> 
     </span>
     <span class='ocr_line' id='line_1_31' title="bbox 110 2435 1539 2500; baseline 0 -15"><span class='ocrx_word' id='word_1_215' title='bbox 110 2440 329 2499; x_wconf 85' lang='grc' dir='ltr'><em>παρήκει.</em></span> <span class='ocrx_word' id='word_1_216' title='bbox 396 2437 473 2481; x_wconf 86' lang='grc'><strong>44.</strong></span> <span class='ocrx_word' id='word_1_217' title='bbox 520 2435 569 2484; x_wconf 84' lang='grc' dir='ltr'><em>δὲ</em></span> <span class='ocrx_word' id='word_1_218' title='bbox 600 2444 702 2483; x_wconf 76' lang='grc' dir='ltr'><em>νῦν.</em></span> <span class='ocrx_word' id='word_1_219' title='bbox 772 2437 848 2480; x_wconf 86' lang='grc'><strong>46.</strong></span> <span class='ocrx_word' id='word_1_220' title='bbox 896 2435 1087 2500; x_wconf 76' lang='grc' dir='ltr'><em>πάτρωΐ</em></span> <span class='ocrx_word' id='word_1_221' title='bbox 1114 2440 1173 2483; x_wconf 87' lang='grc' dir='ltr'><em>τ’.</em></span> <span class='ocrx_word' id='word_1_222' title='bbox 1252 2435 1315 2483; x_wconf 90' lang='lat' dir='ltr'><em>ib.</em></span> <span class='ocrx_word' id='word_1_223' title='bbox 1362 2435 1539 2494; x_wconf 77' lang='grc' dir='ltr'><em>ἔδειξεν</em></span> 
     </span>
     <span class='ocr_line' id='line_1_32' title="bbox 110 2517 330 2565; baseline 0 -1"><span class='ocrx_word' id='word_1_224' title='bbox 110 2517 330 2565; x_wconf 56' lang='grc' dir='ltr'><em>ἅπασακ</em></span> 
     </span>
    </p>

    <p class='ocr_par' dir='ltr' id='par_1_6' title="bbox 208 2596 1538 2662">
     <span class='ocr_line' id='line_1_33' title="bbox 208 2596 1538 2662; baseline 0.004 -21"><span class='ocrx_word' id='word_1_225' title='bbox 208 2598 285 2643; x_wconf 83' lang='grc'><strong>48.</strong></span> <span class='ocrx_word' id='word_1_226' title='bbox 334 2596 511 2645; x_wconf 77' lang='grc' dir='ltr'><em>α’δικον</em></span> <span class='ocrx_word' id='word_1_227' title='bbox 543 2597 660 2645; x_wconf 68' lang='grc' dir='ltr'><em>οὔτε</em></span> <span class='ocrx_word' id='word_1_228' title='bbox 695 2600 976 2651; x_wconf 66' lang='grc' dir='ltr'><em>ὑπέροπλον</em></span> <span class='ocrx_word' id='word_1_229' title='bbox 1015 2600 1097 2646; x_wconf 70' lang='lat' dir='ltr'><em>(sic</em></span> <span class='ocrx_word' id='word_1_230' title='bbox 1125 2601 1260 2644; x_wconf 84' lang='lat' dir='ltr'><strong>etiam</strong></span> <span class='ocrx_word' id='word_1_231' title='bbox 1285 2598 1374 2659; x_wconf 82' lang='lat' dir='ltr'><strong>Fl.)</strong></span> <span class='ocrx_word' id='word_1_232' title='bbox 1415 2600 1538 2662; x_wconf 76' lang='grc' dir='ltr'><em>ἥβαν</em></span> 
     </span>
    </p>
   </div>
  </div>
 </body>
</html>
