1726 2912
1459 78 1524 125 43

87 207 406 263 λεστάτωνῗ)
441 205 617 267 ἔργων,
670 215 713 251 et
744 209 1010 268 ὀπιζομένη
1041 212 1160 255 ἀντὶ
1191 214 1287 255 τοῦ·
1321 210 1522 272 ἀμειβο-

86 293 227 347 μένη,
274 286 719 342 ἀνταποδιδοῦσα,
767 293 1091 354 ἐντρεπομένη
1139 304 1232 333 non
1276 287 1524 334 lectionem

88 371 319 429 ποίνιμος
347 369 627 430 respexisse,
664 367 795 431 quod
825 380 1006 414 sumunt
1041 370 1132 415 VV.
1164 371 1263 415 DD.
1293 368 1376 414 sed
1407 386 1527 435 pai·—

89 449 305 510 ticipium.
383 447 606 512 Spiegelii
647 450 871 494 correctio
913 452 1141 511 ποίνιμος
1187 449 1403 496 facilitate
1443 466 1527 495 sua

87 527 269 589 decepit
306 528 506 575 editores
535 528 743 585 Pindari,
787 546 879 575 nou
911 530 1328 577 animadvertentes
1364 530 1526 577 deesse

87 609 328 672 objectum
350 610 484 656 verbi
503 613 624 672 οἳγει.
696 613 918 673 Suspicor
934 616 1104 675 τίμιον
1143 613 1257 674 (scil.
1286 618 1375 661 τὸν
1402 618 1528 679 εὐερ-

90 694 252 754 γέτην)
278 690 515 736 excidisse.
587 690 641 735 cf.
661 689 789 752 Pyth.
809 692 892 749 VI,
914 695 985 738 19.
1011 699 1169 761 ὀρθὰν
1195 694 1326 756 οἴγεις
1349 699 1521 761 ἐφημο-

90 778 275 827 σύναν,
314 782 357 818 et
381 771 452 817 Ol.
477 775 535 828 ll,
562 772 637 816 65.
671 778 806 839 παρὰ
833 780 922 834 μὲν
949 781 1139 835 τιμίοις
1160 780 1312 828 esen,
1341 774 1522 829 οἵτινες

89 855 298 919 ἔχαιρον
314 855 576 919 εὐορκίαις,
595 853 814 920 ἄδακρυν
833 860 1074 915 νέμονται
1092 860 1260 904 αἰῶνα.
1296 848 1528 901 VsSchub.

90 935 149 980 ad
176 938 303 980 Paus.
335 936 386 978 II.
415 951 459 996 p.
482 936 633 978 Xthl.
714 936 787 978 20.
836 939 1087 1003 ἀσφαλῶς.
1173 936 1249 980 25.
1285 941 1529 997 εὐμενέσι.

88 1018 164 1061 26.
200 1019 409 1083 φρεσὶν,
447 1032 538 1060 non
572 1013 701 1077 quod
734 1015 1033 1080 exspectabat
1060 1015 1328 1063 Boeckhius
1356 1019 1400 1062 in
1427 1019 1530 1063 Not.

91 1114 152 1143 cr.
182 1101 388 1166 φρασὶν.
457 1099 532 1142 27.
567 1101 793 1161 λάχοντο
825 1101 1136 1160 πολυγαὲιέος
1174 1113 1210 1142 c.
1239 1097 1299 1159 gl.
1331 1105 1531 1159 θαυμα-

93 1187 226 1227 στοῦ
252 1183 386 1233 Διός.
457 1181 532 1223 30.
570 1179 714 1243 ἔσχε,
753 1177 830 1223 alii
854 1177 960 1223 libri
992 1182 1102 1243 ἔχε,
1141 1178 1277 1240 quod
1307 1188 1348 1224 et
1374 1180 1534 1241 ipsum

95 1258 216 1305 bene
248 1257 419 1315 habet,
454 1256 536 1303 sed
569 1259 805 1304 mutationi
833 1257 991 1303 obstat
1022 1258 1090 1304 Ol.
1119 1262 1161 1316 l,
1192 1261 1269 1305 56.
1336 1262 1412 1305 31.
1449 1260 1534 1307 ὅτι

93 1344 137 1387 τ’
165 1345 279 1407 έμφ.
347 1341 424 1384 3⁴.
464 1345 574 1386 καθ’
601 1344 795 1387 ἑαυτὸν.
863 1341 938 1384 35.
976 1344 1214 1397 κακότητ’
1238 1342 1441 1408 ἀθρόως.

192 1422 267 1464 36.
304 1420 487 1482 ἔβαλον
508 1423 641 1469 ποτὶ.
681 1423 762 1468 καὶ
783 1425 873 1468 τὸν
897 1421 1054 1467 ἵκοντ’
1085 1437 1122 1465 e.
1145 1420 1206 1483 gl.
1231 1421 1390 1477 ἦλθον
1414 1425 1535 1489 πρὸς

94 1503 199 1547 τὸν.
271 1500 413 1561 Igitur
445 1499 678 1560 Heyniana
711 1499 1014 1562 explicatione
1051 1516 1161 1547 usus
1192 1511 1257 1547 est
1290 1500 1366 1547 hic
1399 1502 1535 1563 gios-

95 1590 233 1625 sator.
302 1579 510 1626 Tafelius
538 1581 744 1642 sequitur
770 1579 994 1626 Schmidii
1021 1583 1272 1639 rationem,
1305 1583 1536 1645 jungentis

98 1665 179 1708 καὶ
219 1665 308 1709 τὸν
345 1666 655 1718 ποθίκοντα,
702 1660 892 1707 Bothius
936 1681 1059 1710 ποτε
1102 1665 1182 1709 καὶ
1224 1668 1315 1712 τὸν
1357 1666 1536 1719 ἑκόντ’,

98 1743 372 1788 assentiente
389 1741 627 1788 Boeckhio
652 1755 693 1789 et
719 1745 942 1789 Disseuio.
1009 1743 1206 1789 Videtur
1230 1754 1382 1789 tamen
1405 1742 1534 1789 aliud

99 1823 140 1869 h.
166 1823 193 1869 l.
234 1824 426 1885 requiri,
472 1840 578 1868 cum
614 1825 658 1867 in
695 1822 1071 1869 antecedentibus
1110 1822 1406 1885 significarit,
1448 1838 1533 1869 suo

101 1921 334 1966 quemque
349 1920 398 1948 se
417 1902 611 1948 modulo
628 1904 775 1949 metiri
794 1902 994 1960 debere,
1016 1914 1188 1949 etnunc
1209 1915 1394 1968 pergat:
1428 1919 1538 1950 sane

97 1986 391 2050 impet-missa.
421 1983 592 2047 gaudia
622 1986 710 2029 tori
741 1987 785 2030 in
816 1984 1123 2031 calamitatem
1150 1986 1383 2047 ingentem
1418 2001 1539 2032 con-

96 2067 306 2128 jecerunt
334 2065 586 2128 aliquando
619 2067 756 2111 etiam
792 2095 855 2100 —
903 2065 1028 2123 Quid
1061 2067 1158 2128 jam
1187 2065 1442 2111 afferatur?
1493 2066 1539 2112 Si

100 2146 265 2192 scribis
298 2150 377 2194 καὶ
414 2150 503 2195 τὸν
533 2150 714 2195 ἑκόντα
736 2184 747 2203 ,
804 2149 1086 2212 pronomine
1118 2147 1357 2193 notabitur
1391 2147 1540 2203 Ixion,

102 2228 248 2290 inque
280 2245 336 2273 eo
370 2227 605 2291 emphasis
641 2229 747 2285 erit,
798 2243 889 2273 non
928 2230 971 2274 in
1008 2233 1180 2286 ἑκόντ’,
1229 2226 1362 2291 quod
1403 2228 1539 2290 quasi

103 2310 408 2372 appositionis
432 2310 533 2355 vice
562 2308 794 2371 adjectum
826 2310 932 2354 satis
962 2309 1122 2372 friget;
1158 2326 1310 2371 neque
1339 2312 1420 2356 καὶ
1449 2313 1537 2358 τὸν

102 2387 293 2454 placere
318 2400 491 2451 potest,
528 2392 631 2452 quia
656 2389 714 2434 de
742 2389 840 2434 aliis
866 2406 944 2434 sua
970 2390 1105 2453 culpa
1130 2392 1306 2436 miseris
1330 2387 1538 2436 nondum

102 2469 281 2515 locutus
309 2480 376 2516 est
405 2470 649 2525 Pindarus,
684 2468 768 2515 sed
798 2468 858 2514 (le
889 2487 979 2516 uno
1010 2472 1166 2517 Ixione
1192 2487 1330 2534 supra
1363 2485 1428 2516 vs.
1456 2471 1540 2526 29,

104 2566 255 2612 neque
281 2551 408 2595 Ixion
438 2549 613 2595 malum
643 2566 725 2596 sua
751 2561 916 2614 sponte
939 2554 1188 2614 quaesivit,
1220 2569 1361 2615 quum
1389 2554 1541 2598 Juuo—

109 2646 215 2675 nem
243 2640 445 2677 tentaret.
515 2632 740 2677 Sententia
774 2631 1003 2693 generalis
1032 2631 1121 2678 hoc
1149 2632 1256 2679 loco
1286 2633 1419 2680 fuerit
1452 2650 1543 2680 ne·-
