1726 2912
1458 59 1516 102 1⁷

177 187 254 233 24.
296 194 459 256 φρεσί.
527 187 604 232 25.
640 185 838 251 praebet
869 188 1223 252 ἀναρίθμητοι.
1291 184 1356 231 ib.
1389 183 1519 248 legi-

75 278 150 313 tur
170 273 453 329 ἀμάχανον.
524 269 600 313 26.
636 266 777 313 habet
800 274 890 315 νῦν
918 272 968 315 ἐν
998 263 1083 314 καὶ
1109 287 1156 314 τ.
1225 266 1302 312 29.
1340 266 1516 315 ἔκτανε

76 351 295 415 τίρυνθι.
382 350 457 393 31.
504 355 859 410 μαντετέσαντο
908 364 944 392 c.
977 346 1036 409 gl.
1074 349 1331 412 ἠρώτησαν
1377 346 1518 396 ἕνεκα

76 437 173 478 τοῦ
203 432 382 498 φόνου.
452 432 528 475 33.
564 434 728 478 εὐθύν’
756 435 800 483 ἐς
830 443 1056 490 suprascr.
1086 448 1137 476 αι
1170 430 1253 487 (sc,
1279 430 1517 487 εὐθῦναι)

76 509 331 556 secundum
360 509 687 569 scholiastam,
721 513 804 574 qui
836 512 895 557 ait
925 516 973 559 οἱ
1001 513 1090 570 μὲν
1119 511 1233 558 ἀντὶ
1253 516 1348 557 τοῦ
1372 514 1520 556 εὐθῦ·

75 610 176 640 ναι.
259 590 351 636 Sed
378 591 454 636 hic
485 609 617 637 error
647 601 740 637 erat
768 608 961 647 eorum,
1011 590 1097 653 qui
1127 590 1516 640 consxructionem

78 687 171 716 non
201 670 527 734 intelligerent,
577 689 667 733 qua
703 672 806 721 εἷπε
838 676 993 721 πλόον
1020 675 1175 720 εὐθὺν
1213 681 1282 716 est
1315 689 1375 713 Ξ
1410 669 1518 719 εἶπε

78 755 221 799 πλεῖν
250 755 438 806 εὐθέως.
516 754 590 800 34.
634 754 761 803 ἔνθά
790 773 911 803 ποτε
940 753 1054 813 (sic).
1140 750 1202 796 ib.
1243 755 1516 818 χρυσέαισι

75 829 356 899 νεφάδεσσι
441 833 516 878 35.
555 838 809 899 τέχναισι.
881 834 957 877 36.
996 834 1227 888 ἀθηναία.
1295 833 1372 877 37.
1406 835 1518 881 ἀνο-

75 916 304 978 ρούσασ’.
373 914 449 958 39.
485 912 628 959 habet
651 913 1052 982 φαυσίμβροτος.
1122 914 1198 957 41.
1234 916 1397 962 παισί.

172 994 249 1040 42.
289 1000 387 1058 θεῷ
418 1012 454 1040 c.
484 994 545 1057 gl.
575 1004 635 1059 τῇ
663 999 843 1059 ἀθηνᾷ.
912 991 966 1038 cf.
995 995 1046 1038 N.
1076 994 1138 1051 V,
1171 996 1245 1039 41.
1283 998 1346 1043 τὺ
1374 993 1415 1042 δ’
1439 995 1518 1042 Αἰ-

11 1096 12 1133 ξ
74 1076 190 1140 γίνᾳ
220 1080 370 1132 θεοῦ,
407 1082 715 1137 Εὐθύμενες,
752 1076 910 1127 Νίκας
940 1078 988 1122 ἐν
1020 1079 1297 1136 ἀγκώνεσσι
1332 1075 1518 1123 πιτνῶν

11 1139 12 1195 l
76 1156 314 1204 ποικίλων
338 1155 564 1217 ἔψαυσας
591 1157 765 1216 ὕμνων.
832 1152 987 1198 Schol.
1026 1158 1051 1201 ὁ
1069 1154 1248 1208 ”Ηλιος
1272 1160 1381 1208 τοῖς
1410 1159 1518 1202 ἑαυ-

75 1244 175 1284 τοῦ
202 1241 350 1285 παισὶ
388 1245 493 1292 τοῖς
523 1241 630 1300 περὶ
654 1238 866 1300 ’Όχιμον
896 1237 976 1283 καὶ
1006 1239 1267 1303 Κέρκαφον
1297 1235 1518 1283 ἐπεστεί-

12 1377 14 1382 ,
75 1319 204 1364 λατο
232 1343 294 1351 -—
327 1319 454 1372 ὅπως
485 1326 548 1382 τῇ
570 1326 667 1380 θεῷ
691 1321 876 1371 θυσίας
902 1320 1168 1371 πλήθοντα
1195 1318 1358 1379 βωμὸν
1385 1320 1519 1382 ἐναρ-

12 1383 14 1390 Ι
75 1403 136 1459 γῆ
166 1399 392 1446 κτίσειαν
425 1404 510 1445 κτέ
604 1397 774 1452 Vides,
819 1395 952 1441 illum
995 1401 1093 1456 θεῷ
1132 1394 1301 1457 legisse
1344 1396 1389 1440 in
1427 1411 1515 1441 suo

13 1480 15 1498 l
76 1476 349 1540 exemplari,
386 1479 446 1527 ἂν
479 1495 572 1524 non
603 1478 857 1533 invenisse3
905 1485 986 1520 aut
1016 1476 1267 1538 scripserat
1295 1473 1518 1520 Pindarus

74 1561 145 1623 τᾷ
175 1563 274 1621 θεῷ
321 1559 400 1620 (cf.
434 1561 484 1604 N.
521 1559 582 1615 V,
619 1560 694 1604 13.
744 1562 768 1604 ὁ
802 1563 893 1609 τοῖς
919 1557 1090 1614 θεοῦ),
1140 1564 1217 1599 aut
1251 1555 1378 1610 ὅπως
1406 1559 1517 1618 θεῷ.

14 1627 15 1633 ¹
75 1637 168 1684 Sed
197 1638 316 1685 illud
348 1639 520 1685 malim.
1492 1627 1496 1628 ⁷

175 1721 250 1765 44.
286 1721 448 1786 ἔβαλε.
515 1719 577 1765 ib.
615 1722 919 1786 προμαθέως.
990 1719 1066 1762 46.
1103 1720 1262 1784 ὀρθὰν
1291 1715 1406 1765 ὁδὸν
1429 1716 1519 1773 ἔξω

6 1785 17 1835 [²
75 1807 264 1867 φρενῶν
300 1812 346 1847 et
374 1803 450 1847 48.
489 1804 570 1849 καὶ
598 1803 680 1849 τοὶ
711 1802 816 1862 γὰρ.
887 1797 949 1842 ib.
988 1801 1250 1850 αἱθούσας·

16 1940 18 1945 ‚
172 1883 249 1926 49.
302 1884 512 1929 κείνοισι
551 1886 641 1941 μὲν
682 1881 878 1935 ξανθὰν
921 1881 1112 1940 ἀγαγὼν
1148 1881 1366 1946 νεφέλαν
1396 1880 1519 1932 Ζεὺς

77 1964 237 2008 πολὺν
256 1960 346 2008 ὗσε
363 1964 556 2026 χρυσὸν
573 1996 585 2016 ,
624 1963 757 2007 αὐτὰ
778 1956 829 2006 ’δέ
848 1971 1047 2026 σφισιν.
1117 1956 1282 2002 Facilis
1315 1966 1382 2002 est
1409 1971 1519 2001 me—

78 2039 182 2086 dela
196 2041 472 2104 Mingarellii
495 2045 671 2095 κείνοις
694 2047 719 2089 ὁ
744 2046 832 2103 μὲν
848 2078 860 2096 ,
897 2040 1070 2084 omisso
1092 2043 1229 2093 Ζεὺς.
1299 2035 1392 2082 Sed
1413 2053 1521 2083 om-

77 2136 158 2167 nes
184 2121 301 2167 boni
331 2120 518 2168 codices
551 2120 626 2168 dei
653 2139 825 2168 nomen
852 2130 1030 2176 tenent,
1066 2135 1151 2165 nec
1184 2117 1380 2163 multum
1412 2115 1520 2162 inde

18 2196 19 2200 ¹
78 2201 328 2265 probatur,
375 2201 509 2264 quod
535 2201 742 2248 nonnulli
773 2205 977 2257 κείνοις,
1014 2215 1133 2245 unus
1160 2203 1395 2252 κείνοιςσι
1424 2195 1521 2243 ha—

19 2269 20 2326 l
78 2281 170 2328 bet.
237 2281 423 2329 Scholia
450 2293 603 2329 vetera
636 2283 711 2328 hic
740 2298 824 2329 nos
860 2280 1094 2327 deficiunt.
1164 2280 1385 2341 Suspicor
1406 2297 1523 2344 χρυ·

12 2400 21 2423 a
80 2369 174 2411 σὸν
210 2362 298 2410 ὗσε
332 2369 480 2420 Ζεὺς,
528 2365 724 2413 ἔπειτεν
762 2362 814 2412 δέ
846 2377 1030 2430 σφισιν
1062 2362 1226 2409 ὤπασε
1259 2365 1359 2407 κτὲ.
1405 2357 1519 2404 olim

21 2468 22 2471 =
80 2445 341 2506 repositum
363 2444 504 2490 fuisse
527 2445 588 2490 ab
614 2448 718 2509 ipso
745 2453 908 2508 poeta,
938 2453 983 2487 et
1002 2446 1161 2490 πολὺν
1180 2439 1377 2496 illatum,
1402 2443 1523 2492 Ζεὺς

85 2523 337 2588 expulsum
382 2541 406 2569 a
451 2524 647 2581 lectore,
703 2525 788 2586 qui
834 2527 1026 2589 χρυσὸν
1067 2537 1210 2586 saepe
1248 2535 1347 2566 esse
1390 2517 1525 2563 brevi

22 2608 23 2613 ’
81 2604 341 2666 penultima
385 2606 593 2650 nesciret.
684 2603 822 2659 Quod
866 2604 1058 2652 ἔπειτεν
1103 2602 1266 2662 scripsi
1308 2615 1397 2661 pro
1437 2605 1518 2645 aiu
