1726 2912
206 38 268 81 20

208 185 276 214 τα
307 167 388 211 καὶ
417 166 554 211 ἕνεκα
580 170 677 211 τῶν
706 166 954 210 θελόντων
980 168 1196 214 νικῆσαι.
1263 159 1336 204 Ad
1362 159 1550 225 ἀνδρῶν
1583 160 1644 222 gl.

208 257 274 293 est
297 255 394 294 τῶν
423 249 676 306 μάντεων,
715 245 842 306 quod
872 258 1039 288 verum
1068 250 1194 305 pato.
1261 239 1518 285 Dimidium
1547 242 1643 285 veri

205 326 480 373 intellexisse
513 324 695 370 videtur
723 323 1008 378 Scholiasta,
1056 322 1134 379 qui
1164 322 1369 385 scripsit:
1407 324 1466 369 τὸ
1497 336 1646 392 φανε-

205 414 424 475 ρωὲᾱῆναι
452 412 541 461 τὴν
572 414 667 452 τοῦ
692 408 810 458 Διὸς
835 408 1018 467 βουλὴν
1045 406 1254 449 ἀνύεται
1278 407 1343 454 εἰς
1368 408 1521 467 χάριν
1545 410 1644 450 τῶν

206 490 414 550 εὐσεβῶς
436 490 519 533 καὶ
544 487 684 538 ὁσίως
705 489 982 548 εὐχομένων
1001 487 1082 529 καὶ
1100 485 1493 540 λιτανευόντων,
1524 485 1641 550 ὅπερ

206 571 314 616 ἐστὶ
351 574 444 614 τῶν
487 569 713 628 μάντεων
756 567 839 611 καὶ
880 568 1054 628 ἱερέων.
1139 564 1360 608 Nimirum
1393 569 1460 619 εἰς
1495 571 1643 630 χάριν

207 650 458 709 εὐσεβείας
483 656 571 691 est:
609 647 650 690 in
668 645 859 707 gratiam
878 646 1064 709 piorum
1087 642 1383 701 athletarum,
1418 661 1509 709 pro
1535 646 1646 707 qui-

204 728 294 774 bus
327 737 427 772 exta
456 727 700 788 inspiciunt
734 736 776 771 et
806 741 970 787 preces
1003 723 1203 770 fundunt
1235 735 1358 771 vates
1393 742 1446 772 ac
1480 741 1645 772 sacer-

207 808 353 855 dotes.

304 930 378 973 10.
427 932 853 997 στεφανηφορίαν.
944 928 1013 971 15.
1060 929 1319 993 ἐκλάρωοε.
1402 927 1473 971 16.
1519 945 1640 989 γενε-

445 1002 480 1044 ἓς
505 1005 579 1047 <sak

203 1056 355 1102 ἓλίω·
394 1056 449 1101 σὲ
473 1059 560 1112 μὲν
585 1058 633 1098 έν
662 1058 807 1111 νεμεά
835 1055 1146 1120 πρόφαντον,
1215 1050 1349 1096 Solus
1377 1050 1472 1096 Pal.
1497 1052 1544 1094 Β.
1567 1051 1646 1095 in-

203 1132 459 1198 terpolatus
483 1131 658 1188 codex,
696 1138 993 1199 πρόφατον,
1031 1148 1192 1178 omnes
1218 1132 1404 1194 reliqui,
1439 1143 1485 1177 ut
1509 1131 1647 1177 vide-

204 1224 300 1270 tur,
348 1217 647 1282 πρόφαντον
686 1230 788 1258 cum
829 1212 975 1259 schol.
1057 1218 1093 1259 A
1126 1216 1384 1281 προφαίνω
1415 1211 1643 1259 Pindarus

205 1293 329 1340 duxit
369 1293 461 1355 adj.
499 1294 689 1339 verbale
726 1298 1025 1364 πρόφαντον
1066 1294 1136 1339 Ol.
1176 1297 1214 1349 l,
1256 1296 1361 1338 116.
1439 1293 1644 1338 Alteram

203 1375 407 1422 formam
439 1392 496 1419 ne
525 1373 730 1419 indidem
762 1372 1053 1432 derivemus,
1100 1373 1254 1419 obstat
1288 1372 1502 1435 analogia
1535 1389 1642 1420 voe.

206 1458 441 1522 οἴφαντος
484 1454 552 1498 Ol.
586 1456 628 1508 Ι,
663 1456 738 1499 45.
780 1456 823 1497 Ρ.
861 1456 944 1511 Xl,
980 1457 1069 1510 30,
1119 1456 1191 1499 cui
1222 1469 1440 1519 opponas
1475 1458 1644 1523 φατὸς

205 1535 275 1581 Ol.
306 1536 381 1591 Vl,
409 1537 497 1590 37,
534 1535 734 1599 οἳφατος
765 1537 816 1581 Ν.
844 1536 884 1591 I,
912 1537 999 1589 47,
1037 1542 1330 1602 ὑπέρφατος
1359 1533 1430 1582 Ol.
1454 1536 1542 1591 IX,
1565 1537 1642 1581 70.

205 1618 252 1662 Si
287 1633 311 1661 a
350 1620 477 1683 φημὶ
519 1613 744 1670 deducas,
793 1614 944 1661 solum
991 1614 1444 1678 »praedictum«
1495 1617 1646 1679 signi-

205 1696 386 1750 ficabit,
436 1699 571 1758 quod
613 1694 656 1740 h.
692 1695 724 1741 l.
766 1712 905 1742 sensu
943 1708 1081 1742 caret.
1159 1698 1379 1741 Ceterum
1415 1700 1645 1766 πρόφημι

204 1777 450 1842 poeticum
488 1774 771 1821 vocabulum
808 1791 900 1821 non
938 1787 1016 1822 est.
1099 1776 1262 1833 Vides,
1307 1775 1460 1822 adhuc
1489 1777 1642 1822 locum

205 1858 251 1902 in
279 1855 449 1902 mendo
476 1856 674 1914 cubare,
719 1873 805 1902 nec
838 1859 1103 1903 restituetur
1135 1868 1336 1902 metrum
1371 1857 1645 1922 reponendo

207 1954 260 1983 ex
290 1935 537 1982 scholiasta
568 1947 611 1983 et
638 1939 824 1999 optimis
852 1937 984 1983 libris
1014 1945 1343 2008 πρόφαντον,
1379 1939 1553 2002 quippe
1575 1940 1646 1985 cui

208 2032 438 2077 nusquam
462 2016 506 2058 in
533 2014 623 2059 hoc
645 2031 782 2060 versu
808 2015 959 2061 locum
988 2018 1206 2064 invenias.
1277 2018 1367 2064 Sed
1392 2019 1577 2065 medela
1600 2020 1646 2064 in

208 2106 424 2159 promtu:
469 2106 605 2158 poeta
638 2095 766 2142 dedit
800 2098 1056 2165 ἔκφαντον
1099 2098 1173 2159 (cf.
1204 2099 1401 2162 Hesych.
1432 2116 1466 2146 s.
1494 2117 1537 2147 v.
1568 2101 1644 2148 ἔκ-

211 2193 410 2245 φατον,
448 2179 710 2245 gemmeam:
747 2176 840 2224 hoc
867 2178 1038 2235 lector,
1076 2181 1157 2242 qui
1185 2181 1364 2245 primae
1390 2179 1511 2226 odae
1538 2199 1646 2226 me—

210 2259 434 2315 minisset,
470 2260 512 2303 in
541 2262 836 2328 πρότραντον
870 2262 1139 2317 mutaverit,
1173 2263 1426 2307 incuriosus
1458 2260 1518 2307 de
1543 2279 1647 2308 me-

211 2348 309 2395 tro,
355 2338 430 2383 vel
465 2339 782 2404 explicationis
817 2357 950 2387 causa
994 2341 1289 2405 adscripserit
1325 2345 1368 2389 in
1411 2344 1645 2406 margine3

210 2420 270 2464 ita
299 2419 493 2476 factum,
541 2432 585 2465 ut
623 2423 756 2466 etiam
796 2422 904 2469 loco
936 2440 1019 2469 suo
1055 2435 1317 2470 moveretur
1351 2423 1645 2487 adjectivum.

213 2500 393 2556 Scribe,
428 2503 590 2548 ceteris
619 2505 829 2566 integris:
866 2510 982 2560 Ζηνὶ
1008 2510 1264 2570 γενεὲλέῳ·
1301 2507 1557 2575 ἔκῴαντον
1585 2510 1642 2554 σὲ

209 2587 297 2642 μὲν
331 2587 380 2629 ἐν
411 2589 592 2648 Νεμέᾳ.
672 2585 905 2631 Dissenius
944 2596 1071 2632 recte
1111 2586 1383 2649 improbans
1417 2584 1640 2633 Boeckhii
