1726 2912
1463 40 1519 84 19

77 172 323 216 stantivum
369 168 619 226 antecedit,
667 167 906 213 elisionem
943 183 1037 214 non
1074 171 1301 231 patiatur,
1343 168 1516 216 nedum

76 252 130 296 iis
162 249 276 296 locIs
313 248 362 294 id
394 248 495 307 fiat,
541 248 622 294 ubi
655 258 846 311 propter
874 258 1149 312 sequentem
1180 261 1515 298 consonantem

16 343 17 347 ’
78 330 300 376 mutanda
327 331 471 376 littera
502 346 758 377 consonans
786 332 830 376 in
858 332 1218 394 praepositione.

176 415 251 458 62.
287 414 645 474 αὐξανομέναν.
715 415 791 459 63.
826 418 997 475 μήλοις
1024 411 1178 458 habet.
1245 413 1322 457 64.
1357 417 1516 461 κέλευ-

78 513 135 543 σε
157 497 403 558 εἰλάχεσι
427 509 656 558 suprascr.
674 500 781 543 σύν.
848 496 924 539 65.
960 499 1236 544 ἀνατεῖναι.
1303 495 1379 539 66.
1415 498 1516 560 πὰρ

79 579 255 645 φάμεν.
331 576 408 620 67.
459 579 676 642 φαεννόν
715 586 882 621 servat.
959 575 1022 621 ib.
1068 579 1134 630 εἰς
1171 578 1364 642 αἰθέρα.
1440 576 1517 621 68.

78 656 311 704 ἔσεσθαι.
394 657 471 701 69.
518 660 568 703 ἐν
599 659 823 720 ἀληθείᾳ.
905 658 980 701 74.
1014 660 1139 704 τέκε.
1220 654 1280 700 ib.
1327 657 1516 721 ἔχοντι.

77 737 152 781 80.
187 741 479 786 κνισάεσσα.
549 736 626 782 85.
660 741 896 803 ίΒοιωτῶν.

175 818 251 864 86.
299 821 522 866 πελλάνα
553 821 599 866 τ’
629 819 798 880 αἱγίνα
832 823 886 866 τὲ
923 821 1120 866 νικῶνΞ>’
1156 819 1331 875 ἑξάκις.
1398 818 1518 863 Jun-

78 908 191 962 gunt
231 901 425 947 much&
468 914 572 943 cum
611 899 728 962 ἔγνω
767 918 882 961 μιν,
928 896 1062 960 quod
1096 896 1388 944 durissimum
1428 909 1519 956 est,

75 995 163 1025 nec
192 977 454 1025 defenditur
481 978 703 1042 exemplis
732 996 756 1024 a
783 977 1025 1025 Boeckhio
1052 977 1198 1025 allatis
1233 978 1302 1025 Ol.
1326 982 1416 1038 IX,
1442 982 1519 1026 94.

13 1106 14 1117 2
78 1063 200 1118 XIII,
230 1062 306 1106 36.
340 1059 464 1118 aliis,
500 1077 607 1106 nam
636 1071 741 1123 post
766 1065 1001 1109 Πέλλανα
1032 1061 1200 1106 iterum
1227 1071 1521 1123 exspectatur

77 1143 420 1188 nominativus:
473 1159 611 1201 quum
644 1158 756 1188 vero
791 1151 1002 1188 accentus
1039 1153 1084 1188 et
1116 1153 1314 1187 metrum
1348 1143 1521 1205 Αἰγίνᾳ

13 1280 14 1283 ¹
79 1221 174 1285 legi
213 1223 444 1285 postulet,
495 1234 686 1286 apparet
728 1234 919 1284 poetam
960 1222 1019 1269 ad
1059 1222 1196 1268 aliam
1237 1223 1521 1269 convertisse

12 1336 14 1349 2
81 1314 366 1349 structuram.
435 1305 489 1348 Ni
516 1304 678 1361 fallor,
716 1304 867 1350 dedit:
903 1310 1080 1368 Αἰγίνᾳ
1111 1325 1164 1352 τε
1185 1312 1330 1354 νικᾶν
1356 1305 1520 1362 ἑξάκις

13 1385 14 1453 J
79 1391 129 1433 ἐν
155 1385 436 1448 Μεγάροισί
474 1395 518 1432 τ’
548 1392 647 1445 οὐχ
680 1385 850 1449 ἕτερον
884 1390 1057 1432 λιθίνα
1090 1393 1265 1450 ψᾶφος
1297 1386 1402 1445 ἔχει
1435 1390 1519 1434 λό-

12 1517 14 1533 N
80 1483 180 1527 γον.
263 1464 556 1525 Interjectum
587 1472 683 1532 οὐχ
715 1465 885 1532 ἕτερον
917 1466 1187 1510 varietatem
1222 1475 1265 1510 et
1293 1467 1521 1527 majorem

83 1546 176 1591 vim
209 1543 422 1590 conciliat
455 1547 651 1591 orationi
685 1547 751 1591 sic
780 1545 1031 1608 simplicius
1066 1544 1399 1591 instituendae:
1446 1549 1520 1595 λι-

81 1628 200 1674 θίνα
224 1634 398 1695 ψᾶφος
426 1632 552 1691 λέγει
582 1633 631 1677 ἐν
656 1633 832 1692 Αἰγίνᾳ
860 1649 913 1676 τε
947 1631 1028 1676 καὶ
1060 1634 1109 1677 ἐν
1137 1631 1418 1693 Μεγάροισι
1447 1626 1520 1677 vt·

84 1714 178 1756 κόῑν
211 1709 387 1765 ἑξάκις.
456 1710 653 1756 Facilius
684 1710 745 1755 ad
772 1712 1164 1756 constructionem
1195 1717 1314 1754 esset
1342 1712 1520 1773 Αἰγίνᾳ

82 1809 136 1837 τε
159 1792 300 1844 νίκας
327 1789 375 1848 ἒξ
405 1791 527 1840 ἕλεν.
607 1791 684 1836 88.
725 1800 848 1835 recte
876 1790 1029 1851 jungit
1060 1793 1252 1851 τεθμὸν
1282 1792 1522 1850 ὀλυμπιο-

79 1873 237 1919 νίκαν.
323 1871 401 1914 93.
449 1866 761 1934 ἐραστειδοῖν.
836 1867 947 1913 ibid.
997 1885 1106 1914 vera
1147 1879 1214 1914 est
1255 1868 1519 1915 verborum

81 1951 343 2013 conjunctio
365 1953 666 2016 χαρίτεσσιν
683 1950 802 2013 ἔχει.
871 1951 947 1994 94.
980 1951 1132 2016 μοῖρα
1153 1958 1259 2012 μιοῖ.
1324 1950 1401 1995 95.
1436 1950 1519 1999 οἴλ-

81 2036 198 2082 λοτε
224 2042 268 2078 et
291 2031 703 2081 Boacffiticrcrovfflv.

733 2175 873 2221 VIII.

175 2275 440 2337 Inscriptio:
485 2273 813 2334 ἀλκιμέδοντι
847 2271 986 2320 παιδὶ
1027 2277 1289 2328 παλαιστῆ
1325 2276 1407 2320 καὶ
1444 2293 1517 2321 τι·

8 2351 13 2417 ]
81 2359 319 2415 μοσὲιένεϊ
349 2360 611 2411 παλαιστῇ
643 2360 725 2403 καὶ
756 2358 970 2416 μελησία
1001 2357 1225 2410 ἀλείπτη.

180 2434 223 2476 2.
271 2438 505 2490 ἀληθείας
535 2450 574 2479 c,
601 2433 660 2495 gl.
692 2439 739 2481 οἱ
769 2437 996 2497 μαχηταὶ
1028 2439 1216 2502 ἠρώτων
1246 2437 1366 2487 τοὺς
1395 2438 1518 2495 μάν-

81 2534 208 2570 τεις,
247 2519 297 2562 οἱ
323 2518 529 2575 μάντεις
560 2513 610 2562 δὲ
637 2516 727 2562 τὸν
757 2512 837 2561 δία
864 2517 975 2582 περὶ
1003 2521 1091 2570 τῆς
1115 2517 1261 2570 νίκης.
1330 2514 1372 2558 8.
1408 2515 1519 2561 ἄνευ

82 2615 170 2644 ται
197 2605 240 2642 et
264 2597 530 2653 εὐσεβείας.
567 2591 713 2640 schol.
735 2591 884 2640 adscr.
908 2597 1195 2642 τελειοῦται
1220 2598 1284 2643 τὰ
1313 2597 1521 2649 αἰτήμα-
