1726 2912
163 88 221 132 12

159 229 322 267 cursu,
367 212 524 258 dexter
557 226 712 273 pugna
756 220 797 255 et
835 208 968 254 fortis
1010 209 1174 252 animo.
1255 209 1426 251 Forma
1454 209 1594 274 χέρες

158 291 431 340 defendetur
469 292 734 337 accusativo
770 291 918 357 χέρας
963 287 1030 333 Ol.
1072 290 1128 343 ll,
1166 287 1241 332 82.
1338 288 1396 330 Et
1445 285 1596 340 οὗτος

159 376 241 423 etsi
267 374 493 420 invenitur
523 388 612 437 pro
641 380 878 426 τοιοῦτος
910 379 1217 434 usurpatum,
1254 379 1404 413 tamen
1433 369 1478 412 in
1507 365 1598 413 hac

158 455 489 521 pronominum
510 453 835 514 conjunctione
849 486 859 506 ‚
884 468 1004 513 quae
1021 449 1261 495 solennem
1281 447 1422 494 habet
1442 464 1598 506 usum,

159 534 374 600 displicet
403 531 746 595 significationis
783 530 991 576 deflexio.
1059 533 1124 577 Ne
1153 528 1358 576 offendat
1385 530 1598 591 particu—

159 615 232 662 lae
258 614 307 663 δὲ
341 614 499 670 locus,
534 612 589 658 cf.
617 611 830 674 Aeschyl.
854 614 986 657 Eum.
1017 613 1091 656 19.
1127 614 1246 664 Διὸς
1270 616 1526 679 προφήτης
1555 609 1599 659 δ’

159 698 272 743 ἐστὶ
302 694 485 751 Λοξίας
523 696 736 760 πατρός,
772 692 850 738 ubi
881 692 1139 738 accuratior
1169 692 1449 737 constructio
1482 689 1601 737 haec

163 785 285 822 erat:
323 777 440 828 Διὸς
466 772 515 821 δὲ
544 794 620 839 πρ.

259 857 333 901 28.
370 852 584 920 ἀνδράσι
613 851 803 902 πολιαί.
848 854 920 899 Sic
950 854 1218 898 terminatur
1243 866 1404 896 versus
1430 850 1601 896 eodem

162 935 309 983 modo
335 953 387 981 ac
412 937 501 993 253
536 935 694 981 malim
723 946 972 998 propterea
995 944 1265 996 sequentem
1291 949 1316 978 a
1340 936 1484 993 θαμά
1513 931 1603 976 ini-

162 1018 277 1063 tium
304 1034 486 1082 capere.
555 1019 628 1062 29.
666 1023 800 1083 παρὰ
830 1021 918 1065 τὸν
945 1023 1031 1071 τῆς
1060 1019 1104 1061 ἁ.

848 1162 912 1209 V.

262 1260 519 1322 Inscriptio:
555 1266 625 1307 τῶ
648 1265 788 1307 αὐτῶ
815 1263 975 1314 ἀπήνη
1002 1256 1085 1305 καὶ
1115 1256 1302 1314 κέλητι.

262 1342 304 1384 2-
333 1343 571 1401 ὀλυμπία.
623 1342 669 1386 3.
697 1343 894 1395 ἀπήνης.
960 1341 1002 1382 4.
1033 1340 1324 1404 καμαρίναν.
1379 1338 1424 1381 6.
1453 1337 1604 1380 Psau-

163 1424 248 1467 mis
287 1420 469 1467 videtur
502 1419 930 1486 splendidissimum
967 1419 1241 1464 sacrificium
1280 1417 1519 1463 instituisse
1556 1417 1602 1460 in

163 1517 244 1548 sex
280 1503 367 1547 aris
405 1502 623 1564 geminis,
672 1511 917 1562 postquam
954 1499 1156 1546 solennis
1192 1499 1412 1545 Eleorum
1452 1495 1605 1542 heca—

164 1581 323 1627 tomba
352 1581 507 1628 oblata
534 1592 655 1639 erat,
687 1580 884 1643 ludique
911 1582 1093 1643 peracti.
1162 1580 1434 1642 Scripserim
1461 1593 1603 1641 ergo:

165 1666 245 1712 ἐπὶ
269 1664 588 1727 βουθυσίαις.
657 1664 699 1707 8.
734 1668 939 1718 νικήσας
968 1672 1011 1706 et
1035 1663 1201 1725 oi'xpov’
1235 1661 1358 1719 (sic).
1428 1661 1471 1705 9.
1506 1657 1601 1703 ha·-

164 1742 247 1788 bot
273 1744 365 1791 ἵκει
390 1743 430 1791 δ’
456 1749 724 1806 οἱνομάον,
764 1742 898 1805 quod
926 1744 1100 1788 notavit
1126 1740 1392 1788 Boeckhius
1423 1739 1482 1786 ad
1514 1756 1606 1786 su-

166 1826 404 1886 periorem
431 1822 586 1869 odam.
656 1825 730 1867 ll.
767 1826 924 1872 ὀάνιν.
996 1826 1057 1867 13
1107 1825 1336 1885 ὑψίγυον.
1409 1822 1484 1867 14.
1523 1826 1604 1868 ὑπ’

169 1908 488 1968 ἀμαχανίας,
540 1920 649 1950 vera
690 1903 888 1949 lectione
926 1903 1250 1968 suprascripta.
1339 1903 1413 1948 15.
1462 1900 1606 1947 habet

171 1987 282 2034 αἰεί.

263 2068 338 2111 16.
375 2067 431 2113 εὖ
451 2064 500 2113 δὲ
521 2065 720 2130 ἔχοντες
751 2080 788 2109 c.
806 2063 868 2125 gl.
897 2068 945 2111 οἱ
965 2069 1271 2119 νικήσαντες.
1342 2060 1604 2108 Boeckhius

167 2146 311 2192 intulit
342 2147 398 2194 εὖ
430 2144 485 2201 δὴ
520 2145 749 2206 ἔχοντες,
788 2143 915 2206 quod
944 2143 1117 2189 nollem
1146 2144 1344 2202 factum,
1380 2143 1603 2205 quoniam

168 2225 405 2273 antithesis
434 2224 494 2270 ad
517 2225 841 2290 praecedentia
873 2225 1147 2287 requiritur,
1184 2241 1306 2287 quae
1339 2241 1432 2269 non
1463 2233 1528 2269 est
1558 2223 1603 2268 in

168 2306 256 2365 δὴ,
294 2306 530 2353 fortuitum
561 2316 712 2351 autem
742 2315 807 2350 est
840 2303 951 2349 illud
982 2313 1100 2367 γοῦν
1130 2304 1512 2361 scholiastarum,
1548 2321 1604 2350 ex

170 2405 262 2451 quo
298 2390 350 2434 V.
374 2387 441 2432 Cl.
470 2385 702 2433 concludit
731 2385 787 2442 δὴ
816 2385 928 2431 olim
956 2385 1126 2431 lectum
1151 2385 1298 2432 fuisse.
1367 2386 1601 2431 Dissenius

168 2469 419 2514 Hermanni
456 2467 774 2529 conjecturam
813 2465 876 2523 ἠὺ·
908 2465 949 2514 δ’
981 2467 1184 2532 ἔχοντες
1221 2466 1450 2530 praetulit.
1520 2466 1607 2511 Li·-

169 2560 271 2594 ceat
310 2559 461 2594 tamen
498 2547 710 2593 dubitare
750 2546 809 2593 de
836 2546 1034 2609 simplici
1062 2547 1290 2594 adverbio
1328 2547 1419 2594 hac
1451 2546 1605 2593 forma

171 2639 413 2689 usurpato;
446 2640 687 2691 praeterea
717 2627 994 2677 scholiastae
1023 2632 1244 2676 aoristum
1280 2628 1521 2692 legerunt:
1556 2631 1605 2675 οἱ-
