1726 2912
1472 42 1536 86 85

99 179 200 214 rato
229 172 336 215 Eur.
365 169 587 215 Erechth.
613 161 748 235 apud
775 171 891 217 Plut.
915 172 1032 217 Mor.
1064 170 1172 216 604.
1198 168 1241 215 d.
1275 172 1315 216 εἰ
1343 168 1393 218 δὲ
1425 168 1531 228 (scr.

97 255 137 298 εἰ
161 249 203 299 δ’
227 252 304 312 ὡς)
336 256 579 318 πάρεργον
607 258 698 320 χρή
723 272 774 300 τι
804 257 1094 315 κομπάσαι,
1126 256 1282 314 γύναι.

200 333 273 376 16.
338 330 593 377 Scholiasta
643 335 851 395 agnoscit
892 332 1137 378 lectionem
1184 331 1531 394 ἀνδροδάμαν,

99 429 237 474 quam
272 411 347 457 hic
378 414 511 458 etiam
546 417 740 475 syntaxis
767 415 985 476 requirit,
1038 411 1375 459 annectendum
1413 414 1534 457 enim

101 491 195 537 hoc
221 494 500 538 enuntiatum
528 496 758 556 superiori
794 501 1008 559 κρέσσων
1032 523 1096 529 —-
1125 498 1256 560 ἁνήρ.
1294 494 1532 539 Feminino

101 589 273 635 genere
305 576 619 636 compositum
654 573 799 619 habes
834 584 1018 636 praeter
1046 579 1166 618 hunc
1197 573 1350 619 locum
1394 575 1425 617 1.
1452 573 1533 628 lv,

99 654 188 711 59,
234 654 316 699 ubi
349 655 647 717 γυιοδάμαις
685 654 921 719 epitheton
950 666 1016 700 est
1050 654 1322 700 substantivi
1357 657 1533 721 χερσὶ,

100 745 146 781 et
172 735 225 780 fr.
256 738 361 780 147.
401 735 719 798 ἁνδροδάμαν
751 736 792 782 δ’
819 739 917 783 ἐπεὶ
948 743 1089 802 Φῆρες
1119 734 1233 783 δάεν
1265 740 1419 801 ῥιπὰν
1452 754 1534 795 με·

103 815 294 871 λιάδεος
322 817 463 864 οἴνου
496 817 568 875 (ex
598 816 758 862 Athen.
788 818 895 861 4765.
924 817 1007 878 lx),
1040 826 1187 861 metro
1205 826 1327 862 certe
1345 830 1536 860 mascu-

100 896 240 943 linam
268 899 638 943 terminationem
669 900 856 942 minime
885 896 1158 962 postulante.

196 980 271 1024 17.
319 980 533 1024 Lacunae
560 978 694 1024 sedes
719 996 811 1023 uon
839 988 986 1034 certa,
1023 994 1164 1039 quum
1197 976 1442 1023 scholiasta
1474 975 1532 1019 it-

101 1057 180 1105 lud
209 1064 437 1107 ἐντεῦθεν
471 1059 526 1114 δὴ
560 1077 651 1105 non
675 1069 890 1121 tanquam
917 1057 1173 1119 glossema,
1208 1056 1291 1100 sed
1317 1067 1362 1101 ut
1391 1066 1534 1102 totum

103 1157 268 1186 nexum
312 1140 642 1185 sententiarum
692 1139 964 1200 explicaret,
1030 1136 1268 1183 addidisse
1310 1136 1537 1182 videatur.

104 1217 245 1277 Quod
291 1230 444 1264 autem
489 1221 699 1281 reposuit
742 1220 789 1264 V.
827 1220 880 1263 D.
922 1219 977 1275 δὴ
1014 1222 1195 1274 τόθεν,
1242 1235 1291 1263 ea
1329 1219 1539 1274 notione,

105 1316 245 1362 quam
272 1300 372 1360 ipse
399 1299 519 1355 vult,
555 1300 703 1360 accipi
734 1315 841 1344 usus
870 1298 1138 1344 Pindaricae
1163 1300 1384 1345 orationis
1409 1307 1540 1344 vetat.

103 1381 320 1425 Fortasse
352 1378 518 1424 excidit
546 1380 720 1427 §seam
756 1390 862 1441 post
897 1385 1212 1434 ἑπταπύλους
1253 1390 1295 1425 et
1326 1378 1542 1424 scriben-

106 1460 217 1505 dum
247 1466 464 1523 ἀγαγεῖν.
534 1463 638 1505 Ausi
668 1470 773 1505 sunt
803 1471 960 1504 contra
988 1459 1177 1504 'thebas
1203 1459 1540 1521 expeditionem

106 1541 285 1597 facere,
322 1543 540 1604 quamvis
576 1543 718 1586 iuv.to
755 1543 886 1587 Jove.
972 1538 1132 1598 Quum
1163 1540 1304 1586 semel
1341 1547 1541 1602 ἀγαγεῖν

106 1623 150 1667 in
186 1625 372 1685 ἄγαγον
403 1621 615 1677 abiisset,
667 1620 861 1666 verbum
899 1619 1115 1665 auxiliare
1149 1637 1240 1664 non
1277 1621 1419 1682 potuit
1452 1636 1544 1664 non

108 1704 278 1767 expelli
318 1721 342 1748 a
370 1703 620 1749 lectoribus
658 1703 792 1747 metri
834 1702 1013 1763 ignaris.
1084 1703 1131 1744 ln
1160 1715 1242 1744 usu
1274 1699 1406 1745 verbi
1438 1705 1542 1747 ἐθέ-

109 1790 202 1839 λω,
240 1784 369 1846 quod
397 1785 531 1827 ctiam
558 1784 611 1828 iis
640 1781 893 1827 actionibus
921 1781 1187 1843 apponitur,
1225 1797 1344 1842 quae
1373 1782 1544 1825 exitum

108 1863 396 1920 habuerunt,
431 1881 570 1909 nemo
602 1861 857 1908 offenderit.
927 1862 982 1907 cf.
1011 1864 1053 1906 P.
1079 1864 1139 1917 X,
1169 1864 1212 1906 ἴ).
1246 1864 1295 1906 Ν.
1326 1862 1438 1917 Vltl,
1468 1863 1542 1907 10.

207 1948 283 1991 23.
320 1948 367 1990 In
392 1943 582 1990 scholiis
611 1943 789 1989 scribe:
828 1948 1104 1989 λευκανῦέα
1132 1942 1180 1990 δὲ
1209 1946 1338 2002 λέγει
1368 1947 1432 1988 τὰ
1458 1946 1544 1990 σώ-

109 2048 279 2090 ματα,
335 2028 522 2089 γίνεται
559 2029 648 2091 γὰρ
685 2031 750 2073 τὰ
784 2032 995 2087 σώματα
1032 2033 1131 2073 τῶν
1168 2032 1439 2087 καιομένων
1472 2044 1545 2073 νε-

112 2117 237 2174 κρῶν
265 2112 444 2163 λευκὰ,
483 2107 508 2162 ἲ
538 2112 645 2155 τὸν
673 2111 931 2161 καπνὸν,
970 2107 1051 2154 ὅτι
1081 2110 1105 2153 ὁ
1135 2110 1319 2158 καπνὸς
1344 2103 1427 2152 διὰ
1454 2111 1544 2160 τὴν

114 2193 322 2250 πιμελὴν
359 2192 530 2240 λευκός
566 2191 678 2235 ἐστι
722 2191 804 2243 καὶ
845 2191 996 2251 βαρὺς
1042 2192 1140 2234 κτὲ.
1225 2188 1364 2231 Recte
1406 2187 1549 2248 igitur

115 2268 259 2314 habet
289 2267 426 2314 lectio
463 2267 565 2312 cod.
593 2271 714 2330 Aug.
750 2272 976 2328 σώμασιν
1008 2269 1216 2315 ἐπίαναν
1262 2277 1307 2312 et
1340 2265 1464 2312 Med.
1495 2269 1545 2315 B.

115 2354 313 2402 σώμασι
343 2354 557 2405 πίαναν,
596 2348 704 2394 dun]
735 2349 892 2394 deleas
922 2349 1017 2394 illic
1046 2358 1361 2411 augmentum.

212 2431 288 2475 35.
323 2429 518 2492 ἔκρινας
549 2430 611 2477 οἳν
643 2427 886 2476 κίνδυνον.
942 2428 1119 2493 Supple
1150 2433 1381 2495 Χρόμιον.
1437 2429 1551 2474 νίν-ι·

116 2520 255 2556 tutem
291 2508 501 2555 Chromii
537 2511 581 2553 in
617 2525 798 2554 summo
837 2510 1098 2555 discrimine
1135 2521 1320 2571 poteras
1362 2526 1550 2573 cogno-

116 2608 269 2644 scere,
307 2592 339 2636 si
373 2606 494 2635 esses
523 2592 560 2634 ei
596 2592 795 2651 fumiger
828 2592 868 2634 in
898 2589 1213 2654 pedestribus,
1252 2590 1548 2655 equestribus
