1726 2912
198 67 263 110 30

200 194 324 240 Alibi
353 204 489 255 poeta
517 192 768 253 genitivum
796 188 997 250 praefert
1029 186 1087 231 (le
1119 188 1316 250 praemii
1342 185 1638 231 consecutio-

201 293 281 330 ne,
317 274 375 321 cf.
398 277 429 320 l.
456 273 549 329 Vll,
577 273 655 317 64.
693 271 871 334 ἔλαχεν
899 270 1093 333 Δωρίων
1119 268 1348 323 σελίνων,
1382 281 1468 311 nec
1482 264 1639 312 refra-

201 366 331 418 gatur
355 358 405 401 N.
432 358 497 413 X,
528 355 604 399 27.
675 353 753 396 65.
794 350 911 396 ποσί
935 368 1003 394 τι.

297 438 375 483 66.
428 441 634 498 ἀγώνιον
667 441 714 482 ἐν
741 432 889 489 δόξαν
920 437 1126 491 ἓὲμενος
1156 427 1322 489 εὖχος.
1389 425 1477 471 Alii
1501 425 1639 474 ἔνδο-

202 522 315 577 ξαν,
351 533 503 578 neque
528 517 795 577 ignorarunt
821 509 970 556 schol.
999 508 1305 573 explicantes:
1341 514 1400 555 τὸ
1434 512 1640 571 ἀγώνιον

202 599 351 658 εὖχος
385 597 536 653 δόξαν
569 601 773 657 Ξτέμενος
808 598 889 641 καὶ
923 593 1065 658 ἔργον
1099 591 1319 638 >cassam
1351 592 1507 644 αὐτό,
1554 604 1642 634 nec

201 677 504 742 interpolator
538 676 871 722 Moscoviensis
908 676 994 735 (B)
1036 674 1112 735 qui
1144 670 1397 735 judicavit:
1443 675 1492 718 οἱ
1534 674 1642 736 γρά-

203 775 383 827 φοντες
418 765 465 807 ἐν
503 759 652 816 δόξαν
689 764 746 804 οὐ
785 760 943 809 καλῶς
979 759 1278 822 γράφουσιν.
1354 754 1410 796 At
1440 756 1488 799 ἐν
1519 750 1643 814 δόξᾳ

202 839 379 886 habent
408 839 513 884 libri
545 855 569 884 a
603 836 935 884 recentioribus
965 836 1182 891 correcti,
1229 843 1407 879 veteres
1436 847 1643 877 consen-

203 923 314 966 tiunt
338 922 383 965 in
403 925 451 969 ἐν
471 919 630 977 δόξαν.
699 920 965 980 Utrumque
988 932 1127 978 aegre
1152 912 1430 977 explicabis,
1461 928 1568 957 nam
1591 915 1641 960 ἐν

203 1004 350 1060 δόξαν
379 1007 591 1056 Ξέσὲαι,
635 998 797 1062 »apud
825 1000 1035 1044 animum
1067 997 1380 1042 constituere«
1422 1009 1517 1038 non
1551 990 1646 1038 ad-

202 1085 333 1128 mittit
370 1083 566 1143 syntaxis
605 1080 763 1137 verbi,
809 1084 858 1128 ἐν
891 1080 1012 1144 δόξᾳ
1050 1087 1200 1122 autem
1238 1076 1275 1121 si
1309 1075 1511 1140 accipias
1552 1089 1642 1137 pro

203 1164 401 1221 ἐνδόξως
413 1200 424 1219 ,
463 1174 640 1208 vei-tens
655 1179 757 1207 cum
772 1162 1013 1207 Dissenio:
1056 1157 1318 1204 »ludicram
1333 1155 1539 1219 gloriose
1553 1153 1645 1201 sibi

201 1259 373 1310 parans
391 1244 633 1289 victoriam
652 1261 669 1282 «
689 1276 699 1297 ,
732 1240 1100 1302 molestejunges
1119 1239 1318 1304 ειῖχοςὲν
1337 1237 1452 1305 δόξῃ
1467 1273 1481 1294 ,
1511 1236 1646 1300 quasi

203 1327 337 1371 etiam
364 1325 459 1369 sine
482 1323 633 1386 gloria
658 1323 887 1384 reportari
912 1322 1057 1385 possit
1084 1321 1274 1366 victoria
1298 1317 1489 1364 ludicra.
1541 1319 1647 1363 Jam

202 1406 377 1468 inspice
401 1422 583 1450 mecum
606 1403 891 1450 scholiastas.
962 1400 1035 1446 Ad
1058 1401 1230 1446 lemma
1258 1403 1467 1463 ἀγώνιον
1495 1399 1646 1462 εὖχος

203 1489 424 1534 καθελὼν
444 1484 609 1547 legitur
635 1484 814 1540 ἄδοξον
841 1489 1058 1543 ἓέμενυς.
1096 1486 1156 1529 τὸ
1181 1483 1487 1546 ὑπερβατόν·
1527 1485 1644 1544 ἀγώ-

204 1587 311 1616 νιον
331 1567 478 1630 εὖχος
506 1571 726 1614 καὲελὼν
749 1569 809 1612 τὸ
834 1571 929 1611 τοῦ
951 1567 1335 1626 ἀνταγωνιστοῦ
1361 1565 1443 1609 καὶ
1465 1568 1557 1618 τὴν
1580 1563 1645 1611 νί-

206 1667 316 1705 κην,
352 1655 441 1704 τὴν
472 1653 636 1695 αὐτοῦ
664 1650 810 1711 εὐχὴν
840 1645 957 1708 ἔργῳ
990 1648 1317 1707 ἀποβαλών
1350 1647 1460 1701 (scr.
1490 1664 1645 1692 κατα·

203 1731 414 1791 βαλών),
451 1739 493 1774 et
517 1731 684 1788 noster}
701 1727 850 1774 codex
884 1727 944 1772 ad
978 1727 1153 1792 εὖχοςε
1191 1730 1250 1772 τὸ
1279 1729 1516 1786 καύχημα
1547 1732 1646 1773 τοῦ

206 1815 490 1859 ἀντιπάλου
511 1815 558 1857 ἐν
581 1812 686 1872 νίκῃ
709 1813 1020 1873 καταβαλών.
1089 1806 1161 1851 Nil
1187 1817 1341 1851 tamen
1366 1804 1512 1851 verba
1538 1807 1647 1851 Pin-

205 1890 307 1937 dari
329 1890 527 1946 habent,
566 1889 692 1953 quod
719 1906 805 1953 per
830 1888 1013 1946 οὶδοξον
1031 1925 1041 1944 ,
1078 1888 1141 1932 nil
1170 1885 1306 1950 quod
1324 1903 1413 1951 per
1435 1891 1645 1935 ἀντιπά-

203 1977 294 2021 λου
315 1972 536 2034 explicari
554 1973 721 2036 possit,
748 1987 1033 2034 quamquam
1052 1971 1149 2015 sine
1167 1969 1487 2031 antagonistae
1504 1983 1647 2014 men-

202 2054 324 2100 tione
348 2054 421 2098 vix
445 2052 719 2114 intelligatur
743 2052 858 2117 ἔργῳ
882 2055 1120 2098 καὲελών.
1190 2052 1248 2094 Ut
1268 2051 1364 2111 jam
1391 2049 1526 2095 liceat
1550 2047 1646 2095 ali-

204 2132 316 2197 quid
341 2131 545 2188 audeoe,
582 2130 866 2193 adjectivum
897 2134 1207 2191 μεταμώνιος
1236 2144 1372 2173 sumo
1403 2129 1648 2193 composi·-

205 2224 298 2260 tum
326 2231 380 2260 ex
401 2218 531 2275 μετὰ
556 2224 600 2258 et
620 2216 857 2274 ἀμώνιος,
896 2209 1026 2273 quod
1051 2209 1221 2255 docent
1249 2209 1343 2255 loci
1364 2225 1645 2272 comparan-

207 2295 254 2341 di
279 2297 334 2342 H.
359 2295 410 2341 Il.
432 2293 471 2342 δ.
494 2296 604 2340 363.
631 2304 673 2339 et
697 2290 844 2339 Ode.
868 2294 993 2348 4093
1027 2291 1226 2356 simplex
1241 2301 1394 2337 autem
1409 2296 1647 2354 ἀμώνιος,

208 2375 338 2438 quod
360 2392 585 2438 nusquam
608 2374 774 2436 legitur
799 2371 964 2430 hodie,
991 2371 1099 2418 huic
1124 2382 1282 2418 nostro
1312 2371 1422 2418 loco
1443 2369 1645 2420 vindice.

209 2455 504 2519 Quamquam
536 2453 789 2517 Hesychius
820 2456 947 2500 novit
978 2454 1155 2516 μωνιή·
1195 2455 1425 2520 ὀλιγωρία
1461 2462 1504 2498 et
1532 2473 1646 2515 μω-

209 2540 362 2586 νιόν·
399 2543 619 2599 μάταιον
645 2539 860 2602 ἀχρεῖον.
929 2533 1100 2580 Verum
1127 2533 1204 2580 ille
1225 2533 1406 2579 videtur
1426 2537 1647 2596 ἁμώνιον

204 2617 301 2679 jam
329 2616 629 2679 depravatum
654 2617 895 2662 invenisse.
966 2615 1126 2659 Victor
1154 2613 1306 2661 reddit
1327 2630 1491 2667 vana,
1527 2627 1647 2675 quae
