1726 2912
167 75 232 122 56

172 203 371 268 δρέπων.
428 200 530 243 Hoc
553 201 679 262 ἥβαν
708 197 877 240 invenit
899 193 1172 250 scholiasta,
1208 209 1294 238 nec
1317 191 1603 251 offenderunt

172 279 371 327 editores
396 274 593 321 Pindari.
676 277 735 319 At
761 291 903 336 quum
927 274 970 318 in
996 271 1089 319 hoc
1112 274 1314 319 carmine
1343 271 1605 333 tribrachys

170 376 260 423 pro
288 358 389 404 basi
415 359 470 403 sit
500 374 543 404 v.
573 359 612 402 l.
639 359 684 401 3.
708 357 764 411 6,
795 354 1093 415 consequitur
1116 353 1253 398 etiam
1278 350 1401 398 hunc
1422 364 1606 399 versum

170 457 265 486 non
293 441 359 486 sic
393 435 755 484 dimetiendum:

370 528 419 571 ὲ.
517 540 523 572 1
825 551 827 565 1

366 579 454 605 UUU
498 581 749 605 —UU—U*
796 578 921 601 *kl—-

702 623 745 648 υυ

170 660 253 707 sed
279 663 343 707 sic
368 660 547 722 potius:

366 775 417 790 Α
644 777 692 792 Α

365 801 865 829 υυυ--υυ-υυυ-υ-

174 870 297 917 quae
329 853 481 900 forma
514 855 553 899 si
589 855 834 916 accipitur,
870 852 1009 916 plane
1040 854 1252 899 vitiosum
1286 867 1386 897 esse
1415 861 1610 914 apparet

173 934 329 999 ἥβαν,
365 950 449 979 nec
481 933 642 979 melius
675 937 816 1000 ὕβριν
844 932 969 996 apud
996 933 1201 979 Eustath.
1239 931 1314 980 ed.
1342 931 1610 977 Schneide-

171 1016 258 1059 win
277 1015 321 1070 5,
344 1017 419 1061 12.
457 1013 594 1071 Quod
617 1016 714 1076 jam
745 1013 1188 1069 animadverteram,
1226 1022 1389 1077 postea
1415 1011 1608 1057 laetatus

171 1109 273 1140 sum
307 1096 559 1140 Hermanni
593 1092 767 1156 judicio
807 1092 1095 1147 confirmari,
1143 1095 1220 1155 qui
1256 1094 1300 1137 in
1336 1109 1392 1138 eo
1431 1103 1607 1137 tanturn

174 1174 406 1233 dissentit,
461 1174 588 1237 quod
617 1185 830 1237 quartum
855 1190 1088 1236 paeonem
1116 1172 1344 1237 postulat,
1399 1173 1609 1218 scribens

175 1264 401 1314 αὐάταν,
452 1254 662 1301 adhibito
689 1254 796 1300 loco
829 1254 960 1316 Pyth.
991 1261 1059 1311 II,
1090 1255 1165 1298 28.
1198 1260 1398 1302 αὐάταν
1431 1259 1610 1321 ὑπερα-

174 1353 352 1408 φανον.
422 1337 558 1383 Aliud
593 1336 853 1384 remedium
890 1338 933 1381 in
968 1347 1167 1382 mentem
1207 1345 1421 1382 Venerat:
1464 1335 1610 1378 nimi-

172 1437 281 1467 rum
307 1425 474 1467 αὐάτα
499 1417 688 1481 quidem
712 1423 1027 1486 &nepdrpavog
1051 1415 1141 1460 dici
1164 1418 1338 1478 potuit,
1376 1416 1483 1462 οὔτ’
1501 1413 1610 1463 ἄδι-

175 1521 258 1554 κος
284 1501 394 1547 015'2‘
423 1502 701 1563 ὑπέροπλος
724 1515 816 1543 non
846 1501 1014 1560 potuit,
1051 1498 1153 1559 quia
1181 1513 1265 1542 uec
1290 1497 1507 1559 injustitia
1527 1511 1613 1541 nec

173 1579 400 1646 superbiri
429 1590 552 1625 caret
576 1596 809 1642 unquam3
848 1577 1113 1640 eligendum
1140 1579 1279 1640 igitur
1304 1576 1612 1635 vocabulum,

174 1660 306 1724 quod
330 1659 446 1707 haec
472 1659 673 1723 epitheta
699 1659 919 1705 admittat.
990 1657 1043 1703 Id
1068 1660 1151 1704 erit
1177 1661 1378 1707 ἑπέταν.

272 1742 350 1789 50.
404 1743 484 1790 τίν
516 1752 560 1790 τ’
587 1744 857 1805 ἐλέλιχέτυν
898 1747 1063 1803 ὀργαῖς
1099 1744 1285 1794 πάσαις
1324 1739 1375 1792 ὂς
1411 1740 1611 1787 ἱππείαν

176 1817 353 1872 ἔσοδον
372 1827 510 1885 μάλα
536 1822 715 1870 ἅδον-σι
740 1826 831 1885 νόῳ
855 1820 1096 1870 ποσεῑδαν
1124 1822 1225 1881 (sic)
1259 1823 1612 1887 προσέρχεται.

174 1904 243 1951 Fl.
281 1910 447 1971 ὀργαῖς
480 1905 544 1964 (in
568 1904 780 1971 ‘margine
806 1904 957 1967 εὗρες)
991 1903 1043 1956 ὃς
1075 1905 1272 1951 ἱππείαν
1306 1899 1484 1950 ἔσοδον
1516 1907 1612 1963 μά·

177 1991 241 2034 λα
277 1985 462 2034 ἀδῶντι
493 1988 584 2047 νόῳ
623 1980 867 2032 ποσειδοῑν
903 1986 1259 2049 προσέρχεται.
1340 1980 1471 2026 Idem
1510 1983 1611 2027 Par.

174 2069 235 2121 B,
270 2067 355 2110 nisi
385 2063 516 2127 quod
550 2063 754 2126 glossam
787 2062 1091 2126 marginalem
1122 2062 1186 2107 ibi
1215 2079 1308 2108 non
1338 2064 1612 2108 invenimus,

175 2144 455 2193 Retinendus
493 2143 681 2191 videtur
712 2144 957 2207 singularis
1001 2148 1178 2193 ἱππίαν
1211 2143 1414 2198 ἔσοδον,
1464 2159 1610 2204 quem

178 2241 339 2273 omnes
363 2225 505 2273 codd.
537 2236 580 2272 et
606 2224 755 2272 schol.
783 2227 1097 2288 Gottingensis
1125 2235 1322 2271 servant.
1390 2225 1462 2270 De
1487 2233 1612 2269 cete-

177 2308 238 2353 ris
264 2308 480 2355 Dissenio
508 2317 551 2353 et
578 2304 818 2352 Boeckhio
849 2308 1133 2352 assentimus.

838 2435 949 2483 VII.

278 2537 540 2599 inscriptio:
592 2540 828 2599 μεγακλεῖ
868 2540 1092 2592 ἀθηναίω
1138 2535 1308 2588 ἵπποις
1356 2539 1609 2595 ὀλύμπια,

183 2616 391 2676 ἰ’σὲμια,
429 2625 604 2667 πύὲια,
